timestamp,symbol,price,size,side,trade_id
2024-03-28T13:34:07.855000+00:00,BTCUSDT,71262.8,0.028,sell,2105212683
2024-03-28T13:34:07.855000+00:00,BTCUSDT,71262.5,0.002,sell,2105212684
2024-03-28T13:34:07.855000+00:00,BTCUSDT,71262.1,0.174,sell,2105212685
2024-03-28T13:34:07.856000+00:00,BTCUSDT,71262.0,0.433,sell,2105212686
2024-03-28T13:34:07.856000+00:00,BTCUSDT,71261.4,0.002,sell,2105212687
2024-03-28T13:34:07.856000+00:00,BTCUSDT,71261.1,0.002,sell,2105212688
2024-03-28T13:34:07.856000+00:00,BTCUSDT,71260.3,0.002,sell,2105212689
2024-03-28T13:34:07.856000+00:00,BTCUSDT,71260.0,0.022,sell,2105212690
2024-03-28T13:34:07.859000+00:00,BTCUSDT,71259.6,0.009,sell,2105212691
2024-03-28T13:34:07.859000+00:00,BTCUSDT,71259.3,0.002,sell,2105212692
2024-03-28T13:34:07.868000+00:00,BTCUSDT,71259.0,0.002,sell,2105212693
2024-03-28T13:34:07.868000+00:00,BTCUSDT,71258.1,0.063,sell,2105212694
2024-03-28T13:34:07.879000+00:00,BTCUSDT,71258.1,0.469,buy,2105212695
2024-03-28T13:34:07.897000+00:00,BTCUSDT,71258.0,0.002,sell,2105212696
2024-03-28T13:34:07.917000+00:00,BTCUSDT,71258.1,0.084,buy,2105212697
2024-03-28T13:34:07.934000+00:00,BTCUSDT,71259.4,0.173,buy,2105212698
2024-03-28T13:34:07.957000+00:00,BTCUSDT,71261.4,3.163,sell,2105212699
2024-03-28T13:34:08.041000+00:00,BTCUSDT,71261.3,0.002,sell,2105212700
2024-03-28T13:34:08.058000+00:00,BTCUSDT,71257.7,0.002,sell,2105212701
2024-03-28T13:34:08.058000+00:00,BTCUSDT,71257.3,0.005,sell,2105212702
2024-03-28T13:34:08.058000+00:00,BTCUSDT,71256.8,0.042,sell,2105212703
2024-03-28T13:34:08.078000+00:00,BTCUSDT,71256.4,0.028,sell,2105212704
2024-03-28T13:34:08.078000+00:00,BTCUSDT,71256.1,0.019,sell,2105212705
2024-03-28T13:34:08.078000+00:00,BTCUSDT,71255.1,0.012,sell,2105212706
2024-03-28T13:34:08.078000+00:00,BTCUSDT,71254.6,0.058,sell,2105212707
2024-03-28T13:34:08.079000+00:00,BTCUSDT,71254.0,0.002,sell,2105212708
2024-03-28T13:34:08.079000+00:00,BTCUSDT,71253.9,0.163,sell,2105212709
2024-03-28T13:34:08.089000+00:00,BTCUSDT,71253.8,0.111,sell,2105212710
2024-03-28T13:34:08.089000+00:00,BTCUSDT,71253.4,0.1,sell,2105212711
2024-03-28T13:34:08.089000+00:00,BTCUSDT,71253.2,0.15,sell,2105212712
2024-03-28T13:34:08.089000+00:00,BTCUSDT,71253.1,0.065,sell,2105212713
2024-03-28T13:34:08.089000+00:00,BTCUSDT,71253.0,0.098,sell,2105212714
2024-03-28T13:34:08.089000+00:00,BTCUSDT,71252.9,0.1,sell,2105212715
2024-03-28T13:34:08.089000+00:00,BTCUSDT,71252.5,0.006,sell,2105212716
2024-03-28T13:34:08.089000+00:00,BTCUSDT,71252.0,0.004,sell,2105212717
2024-03-28T13:34:08.089000+00:00,BTCUSDT,71251.4,0.009,sell,2105212718
2024-03-28T13:34:08.089000+00:00,BTCUSDT,71251.3,0.002,sell,2105212719
2024-03-28T13:34:08.089000+00:00,BTCUSDT,71250.9,0.002,sell,2105212720
2024-03-28T13:34:08.089000+00:00,BTCUSDT,71250.4,0.025,sell,2105212721
2024-03-28T13:34:08.089000+00:00,BTCUSDT,71250.3,0.002,sell,2105212722
2024-03-28T13:34:08.089000+00:00,BTCUSDT,71250.2,0.002,sell,2105212723
2024-03-28T13:34:08.089000+00:00,BTCUSDT,71250.0,0.149,sell,2105212724
2024-03-28T13:34:08.089000+00:00,BTCUSDT,71249.9,0.1,sell,2105212725
2024-03-28T13:34:08.089000+00:00,BTCUSDT,71249.3,0.002,sell,2105212726
2024-03-28T13:34:08.089000+00:00,BTCUSDT,71248.9,0.238,sell,2105212727
2024-03-28T13:34:08.089000+00:00,BTCUSDT,71248.8,0.002,sell,2105212728
2024-03-28T13:34:08.089000+00:00,BTCUSDT,71248.7,0.1,sell,2105212729
2024-03-28T13:34:08.089000+00:00,BTCUSDT,71248.3,0.002,sell,2105212730
2024-03-28T13:34:08.089000+00:00,BTCUSDT,71248.2,0.875,sell,2105212731
2024-03-28T13:34:08.089000+00:00,BTCUSDT,71248.0,0.149,sell,2105212732
2024-03-28T13:34:08.089000+00:00,BTCUSDT,71247.8,0.534,sell,2105212733
2024-03-28T13:34:08.089000+00:00,BTCUSDT,71247.7,0.042,sell,2105212734
2024-03-28T13:34:08.089000+00:00,BTCUSDT,71247.6,0.172,sell,2105212735
2024-03-28T13:34:08.089000+00:00,BTCUSDT,71247.5,0.002,sell,2105212736
2024-03-28T13:34:08.089000+00:00,BTCUSDT,71247.4,0.002,sell,2105212737
2024-03-28T13:34:08.089000+00:00,BTCUSDT,71247.0,0.305,sell,2105212738
2024-03-28T13:34:08.089000+00:00,BTCUSDT,71246.9,0.012,sell,2105212739
2024-03-28T13:34:08.089000+00:00,BTCUSDT,71246.7,0.002,sell,2105212740
2024-03-28T13:34:08.089000+00:00,BTCUSDT,71246.6,0.014,sell,2105212741
2024-03-28T13:34:08.089000+00:00,BTCUSDT,71246.5,0.044,sell,2105212742
2024-03-28T13:34:08.089000+00:00,BTCUSDT,71246.4,0.102,sell,2105212743
2024-03-28T13:34:08.089000+00:00,BTCUSDT,71246.2,1.54,sell,2105212744
2024-03-28T13:34:08.089000+00:00,BTCUSDT,71246.1,0.792,sell,2105212745
2024-03-28T13:34:08.089000+00:00,BTCUSDT,71246.0,0.002,sell,2105212746
2024-03-28T13:34:08.089000+00:00,BTCUSDT,71245.4,0.02,sell,2105212747
2024-03-28T13:34:08.089000+00:00,BTCUSDT,71245.3,0.469,sell,2105212748
2024-03-28T13:34:08.089000+00:00,BTCUSDT,71245.1,0.01,sell,2105212749
2024-03-28T13:34:08.089000+00:00,BTCUSDT,71245.0,0.013,sell,2105212750
2024-03-28T13:34:08.089000+00:00,BTCUSDT,71244.8,0.792,sell,2105212751
2024-03-28T13:34:08.089000+00:00,BTCUSDT,71244.7,0.316,sell,2105212752
2024-03-28T13:34:08.089000+00:00,BTCUSDT,71244.6,0.048,sell,2105212753
2024-03-28T13:34:08.089000+00:00,BTCUSDT,71244.5,0.002,sell,2105212754
2024-03-28T13:34:08.089000+00:00,BTCUSDT,71244.0,0.002,sell,2105212755
2024-03-28T13:34:08.089000+00:00,BTCUSDT,71243.8,1.499,sell,2105212756
2024-03-28T13:34:08.089000+00:00,BTCUSDT,71243.6,0.135,sell,2105212757
2024-03-28T13:34:08.089000+00:00,BTCUSDT,71243.1,0.175,sell,2105212758
2024-03-28T13:34:08.089000+00:00,BTCUSDT,71243.0,0.792,sell,2105212759
2024-03-28T13:34:08.089000+00:00,BTCUSDT,71242.9,1.032,sell,2105212760
2024-03-28T13:34:08.089000+00:00,BTCUSDT,71242.8,1.037,sell,2105212761
2024-03-28T13:34:08.089000+00:00,BTCUSDT,71242.7,1.658,sell,2105212762
2024-03-28T13:34:08.089000+00:00,BTCUSDT,71242.6,0.808,sell,2105212763
2024-03-28T13:34:08.089000+00:00,BTCUSDT,71242.5,0.416,sell,2105212764
2024-03-28T13:34:08.089000+00:00,BTCUSDT,71242.4,0.212,sell,2105212765
2024-03-28T13:34:08.089000+00:00,BTCUSDT,71242.3,0.031,sell,2105212766
2024-03-28T13:34:08.089000+00:00,BTCUSDT,71242.1,0.403,sell,2105212767
2024-03-28T13:34:08.089000+00:00,BTCUSDT,71242.0,0.002,sell,2105212768
2024-03-28T13:34:08.089000+00:00,BTCUSDT,71241.9,0.004,sell,2105212769
2024-03-28T13:34:08.089000+00:00,BTCUSDT,71241.7,1.166,sell,2105212770
2024-03-28T13:34:08.089000+00:00,BTCUSDT,71241.5,2.0,sell,2105212771
2024-03-28T13:34:08.089000+00:00,BTCUSDT,71241.4,2.454,sell,2105212772
2024-03-28T13:34:08.110000+00:00,BTCUSDT,71246.0,0.006,sell,2105212773
2024-03-28T13:34:08.110000+00:00,BTCUSDT,71242.7,0.064,sell,2105212774
2024-03-28T13:34:08.110000+00:00,BTCUSDT,71242.3,0.63,sell,2105212775
2024-03-28T13:34:08.136000+00:00,BTCUSDT,71244.0,0.139,sell,2105212776
2024-03-28T13:34:08.236000+00:00,BTCUSDT,71244.1,0.223,buy,2105212777
2024-03-28T13:34:08.253000+00:00,BTCUSDT,71244.0,0.002,sell,2105212778
2024-03-28T13:34:08.255000+00:00,BTCUSDT,71244.1,2.367,buy,2105212779
2024-03-28T13:34:08.289000+00:00,BTCUSDT,71244.6,0.117,buy,2105212780
2024-03-28T13:34:08.289000+00:00,BTCUSDT,71244.7,0.4,buy,2105212781
2024-03-28T13:34:08.289000+00:00,BTCUSDT,71245.6,0.4,buy,2105212782
2024-03-28T13:34:08.289000+00:00,BTCUSDT,71246.0,0.002,buy,2105212783
2024-03-28T13:34:08.289000+00:00,BTCUSDT,71246.1,0.268,buy,2105212784
2024-03-28T13:34:08.346000+00:00,BTCUSDT,71246.0,0.229,sell,2105212785
2024-03-28T13:34:08.364000+00:00,BTCUSDT,71246.1,0.097,buy,2105212786
2024-03-28T13:34:08.371000+00:00,BTCUSDT,71246.2,0.002,buy,2105212787
2024-03-28T13:34:08.371000+00:00,BTCUSDT,71246.3,0.002,buy,2105212788
2024-03-28T13:34:08.371000+00:00,BTCUSDT,71247.9,0.048,buy,2105212789
2024-03-28T13:34:08.371000+00:00,BTCUSDT,71248.4,0.002,buy,2105212790
2024-03-28T13:34:08.371000+00:00,BTCUSDT,71248.8,0.002,buy,2105212791
2024-03-28T13:34:08.371000+00:00,BTCUSDT,71249.3,0.039,buy,2105212792
2024-03-28T13:34:08.375000+00:00,BTCUSDT,71249.2,0.221,sell,2105212793
2024-03-28T13:34:08.483000+00:00,BTCUSDT,71249.3,0.123,buy,2105212794
2024-03-28T13:34:08.501000+00:00,BTCUSDT,71250.6,0.146,buy,2105212795
2024-03-28T13:34:08.511000+00:00,BTCUSDT,71252.5,0.155,sell,2105212796
2024-03-28T13:34:08.601000+00:00,BTCUSDT,71252.6,0.004,buy,2105212797
2024-03-28T13:34:08.601000+00:00,BTCUSDT,71253.0,0.002,buy,2105212798
2024-03-28T13:34:08.601000+00:00,BTCUSDT,71255.1,0.002,buy,2105212799
2024-03-28T13:34:08.601000+00:00,BTCUSDT,71255.3,0.014,buy,2105212800
2024-03-28T13:34:08.601000+00:00,BTCUSDT,71256.6,0.002,buy,2105212801
2024-03-28T13:34:08.601000+00:00,BTCUSDT,71256.9,0.081,buy,2105212802
2024-03-28T13:34:08.640000+00:00,BTCUSDT,71256.8,0.249,sell,2105212803
2024-03-28T13:34:08.707000+00:00,BTCUSDT,71256.9,0.129,buy,2105212804
2024-03-28T13:34:08.736000+00:00,BTCUSDT,71256.9,0.11,sell,2105212805
2024-03-28T13:34:08.746000+00:00,BTCUSDT,71257.0,0.004,buy,2105212806
2024-03-28T13:34:08.753000+00:00,BTCUSDT,71259.3,0.002,buy,2105212807
2024-03-28T13:34:08.755000+00:00,BTCUSDT,71260.4,0.035,sell,2105212808
2024-03-28T13:34:08.794000+00:00,BTCUSDT,71260.5,0.002,buy,2105212809
2024-03-28T13:34:08.846000+00:00,BTCUSDT,71261.9,0.493,sell,2105212810
2024-03-28T13:34:08.970000+00:00,BTCUSDT,71261.9,1.228,sell,2105212811
2024-03-28T13:34:09.086000+00:00,BTCUSDT,71261.9,0.028,sell,2105212812
2024-03-28T13:34:09.092000+00:00,BTCUSDT,71262.0,0.282,buy,2105212813
2024-03-28T13:34:09.106000+00:00,BTCUSDT,71262.6,0.168,sell,2105212814
2024-03-28T13:34:09.159000+00:00,BTCUSDT,71262.7,0.004,buy,2105212815
2024-03-28T13:34:09.161000+00:00,BTCUSDT,71262.6,0.003,sell,2105212816
2024-03-28T13:34:09.223000+00:00,BTCUSDT,71262.7,0.042,buy,2105212817
2024-03-28T13:34:09.229000+00:00,BTCUSDT,71262.6,1.619,sell,2105212818
2024-03-28T13:34:09.302000+00:00,BTCUSDT,71262.5,0.002,sell,2105212819
2024-03-28T13:34:09.302000+00:00,BTCUSDT,71262.4,0.002,sell,2105212820
2024-03-28T13:34:09.302000+00:00,BTCUSDT,71262.0,0.006,sell,2105212821
2024-03-28T13:34:09.305000+00:00,BTCUSDT,71261.9,0.025,sell,2105212822
2024-03-28T13:34:09.310000+00:00,BTCUSDT,71261.3,0.027,buy,2105212823
2024-03-28T13:34:09.314000+00:00,BTCUSDT,71261.2,0.002,sell,2105212824
2024-03-28T13:34:09.314000+00:00,BTCUSDT,71260.5,0.002,sell,2105212825
2024-03-28T13:34:09.314000+00:00,BTCUSDT,71260.0,0.002,sell,2105212826
2024-03-28T13:34:09.314000+00:00,BTCUSDT,71258.0,0.58,sell,2105212827
2024-03-28T13:34:09.381000+00:00,BTCUSDT,71257.0,0.008,sell,2105212828
2024-03-28T13:34:09.381000+00:00,BTCUSDT,71256.9,0.011,sell,2105212829
2024-03-28T13:34:09.381000+00:00,BTCUSDT,71256.8,0.1,sell,2105212830
2024-03-28T13:34:09.381000+00:00,BTCUSDT,71256.4,0.028,sell,2105212831
2024-03-28T13:34:09.381000+00:00,BTCUSDT,71256.1,0.002,sell,2105212832
2024-03-28T13:34:09.381000+00:00,BTCUSDT,71256.0,0.002,sell,2105212833
2024-03-28T13:34:09.381000+00:00,BTCUSDT,71255.9,0.002,sell,2105212834
2024-03-28T13:34:09.381000+00:00,BTCUSDT,71255.6,2.42,sell,2105212835
2024-03-28T13:34:09.483000+00:00,BTCUSDT,71255.6,0.003,sell,2105212836
2024-03-28T13:34:09.515000+00:00,BTCUSDT,71255.7,0.044,buy,2105212837
2024-03-28T13:34:09.539000+00:00,BTCUSDT,71255.6,0.102,sell,2105212838
2024-03-28T13:34:09.577000+00:00,BTCUSDT,71255.7,0.883,buy,2105212839
2024-03-28T13:34:09.597000+00:00,BTCUSDT,71255.6,0.005,sell,2105212840
2024-03-28T13:34:09.604000+00:00,BTCUSDT,71255.7,0.005,buy,2105212841
2024-03-28T13:34:09.646000+00:00,BTCUSDT,71255.6,0.02,sell,2105212842
2024-03-28T13:34:09.705000+00:00,BTCUSDT,71255.7,0.008,buy,2105212843
2024-03-28T13:34:09.711000+00:00,BTCUSDT,71255.6,0.105,sell,2105212844
2024-03-28T13:34:09.712000+00:00,BTCUSDT,71255.7,0.526,buy,2105212845
2024-03-28T13:34:09.740000+00:00,BTCUSDT,71255.7,1.122,sell,2105212846
2024-03-28T13:34:09.755000+00:00,BTCUSDT,71255.8,0.004,buy,2105212847
2024-03-28T13:34:09.755000+00:00,BTCUSDT,71257.8,0.002,buy,2105212848
2024-03-28T13:34:09.755000+00:00,BTCUSDT,71257.9,0.056,buy,2105212849
2024-03-28T13:34:09.755000+00:00,BTCUSDT,71258.0,0.007,buy,2105212850
2024-03-28T13:34:09.755000+00:00,BTCUSDT,71258.1,0.029,buy,2105212851
2024-03-28T13:34:09.773000+00:00,BTCUSDT,71258.0,0.131,sell,2105212852
2024-03-28T13:34:09.833000+00:00,BTCUSDT,71258.1,0.013,buy,2105212853
2024-03-28T13:34:09.848000+00:00,BTCUSDT,71258.0,0.009,sell,2105212854
2024-03-28T13:34:09.885000+00:00,BTCUSDT,71258.1,0.004,buy,2105212855
2024-03-28T13:34:09.916000+00:00,BTCUSDT,71258.0,0.003,sell,2105212856
2024-03-28T13:34:09.963000+00:00,BTCUSDT,71258.1,0.009,buy,2105212857
2024-03-28T13:34:09.979000+00:00,BTCUSDT,71258.0,0.2,sell,2105212858
2024-03-28T13:34:10.003000+00:00,BTCUSDT,71258.1,0.128,buy,2105212859
2024-03-28T13:34:10.007000+00:00,BTCUSDT,71259.5,0.082,buy,2105212860
2024-03-28T13:34:10.011000+00:00,BTCUSDT,71260.0,0.002,buy,2105212861
2024-03-28T13:34:10.011000+00:00,BTCUSDT,71261.4,0.019,buy,2105212862
2024-03-28T13:34:10.011000+00:00,BTCUSDT,71261.5,0.508,buy,2105212863
2024-03-28T13:34:10.011000+00:00,BTCUSDT,71262.0,0.004,buy,2105212864
2024-03-28T13:34:10.019000+00:00,BTCUSDT,71262.6,0.004,buy,2105212865
2024-03-28T13:34:10.021000+00:00,BTCUSDT,71263.3,0.024,buy,2105212866
2024-03-28T13:34:10.021000+00:00,BTCUSDT,71263.4,0.002,buy,2105212867
2024-03-28T13:34:10.021000+00:00,BTCUSDT,71263.5,0.015,buy,2105212868
2024-03-28T13:34:10.021000+00:00,BTCUSDT,71264.0,0.002,buy,2105212869
2024-03-28T13:34:10.082000+00:00,BTCUSDT,71265.6,0.081,sell,2105212870
2024-03-28T13:34:10.128000+00:00,BTCUSDT,71265.7,0.003,buy,2105212871
2024-03-28T13:34:10.135000+00:00,BTCUSDT,71265.6,0.893,sell,2105212872
2024-03-28T13:34:10.169000+00:00,BTCUSDT,71265.5,0.25,sell,2105212873
2024-03-28T13:34:10.169000+00:00,BTCUSDT,71265.2,0.005,sell,2105212874
2024-03-28T13:34:10.169000+00:00,BTCUSDT,71264.9,0.25,sell,2105212875
2024-03-28T13:34:10.169000+00:00,BTCUSDT,71264.8,0.026,sell,2105212876
2024-03-28T13:34:10.169000+00:00,BTCUSDT,71264.4,0.028,sell,2105212877
2024-03-28T13:34:10.169000+00:00,BTCUSDT,71264.0,0.149,sell,2105212878
2024-03-28T13:34:10.169000+00:00,BTCUSDT,71263.9,0.141,sell,2105212879
2024-03-28T13:34:10.169000+00:00,BTCUSDT,71263.7,0.109,sell,2105212880
2024-03-28T13:34:10.169000+00:00,BTCUSDT,71263.5,0.178,sell,2105212881
2024-03-28T13:34:10.169000+00:00,BTCUSDT,71263.2,0.1,sell,2105212882
2024-03-28T13:34:10.169000+00:00,BTCUSDT,71262.9,0.066,sell,2105212883
2024-03-28T13:34:10.169000+00:00,BTCUSDT,71262.8,0.028,sell,2105212884
2024-03-28T13:34:10.169000+00:00,BTCUSDT,71262.5,0.1,sell,2105212885
2024-03-28T13:34:10.186000+00:00,BTCUSDT,71262.2,0.003,buy,2105212886
2024-03-28T13:34:10.187000+00:00,BTCUSDT,71262.1,0.065,sell,2105212887
2024-03-28T13:34:10.210000+00:00,BTCUSDT,71262.2,0.002,buy,2105212888
2024-03-28T13:34:10.220000+00:00,BTCUSDT,71262.1,0.914,sell,2105212889
2024-03-28T13:34:10.264000+00:00,BTCUSDT,71261.9,0.005,sell,2105212890
2024-03-28T13:34:10.264000+00:00,BTCUSDT,71261.6,0.002,sell,2105212891
2024-03-28T13:34:10.264000+00:00,BTCUSDT,71261.3,0.026,sell,2105212892
2024-03-28T13:34:10.274000+00:00,BTCUSDT,71261.4,0.031,buy,2105212893
2024-03-28T13:34:10.286000+00:00,BTCUSDT,71261.3,0.002,sell,2105212894
2024-03-28T13:34:10.310000+00:00,BTCUSDT,71261.3,0.022,buy,2105212895
2024-03-28T13:34:10.327000+00:00,BTCUSDT,71261.2,0.004,sell,2105212896
2024-03-28T13:34:10.327000+00:00,BTCUSDT,71260.0,0.002,sell,2105212897
2024-03-28T13:34:10.327000+00:00,BTCUSDT,71259.6,0.028,sell,2105212898
2024-03-28T13:34:10.330000+00:00,BTCUSDT,71259.2,0.002,sell,2105212899
2024-03-28T13:34:10.330000+00:00,BTCUSDT,71258.2,0.011,sell,2105212900
2024-03-28T13:34:10.441000+00:00,BTCUSDT,71257.3,0.005,sell,2105212901
2024-03-28T13:34:10.449000+00:00,BTCUSDT,71256.9,0.824,sell,2105212902
2024-03-28T13:34:10.449000+00:00,BTCUSDT,71256.8,0.006,sell,2105212903
2024-03-28T13:34:10.449000+00:00,BTCUSDT,71256.3,2.0,sell,2105212904
2024-03-28T13:34:10.449000+00:00,BTCUSDT,71256.1,0.003,sell,2105212905
2024-03-28T13:34:10.449000+00:00,BTCUSDT,71256.0,0.151,sell,2105212906
2024-03-28T13:34:10.449000+00:00,BTCUSDT,71255.4,0.002,sell,2105212907
2024-03-28T13:34:10.449000+00:00,BTCUSDT,71254.8,0.028,sell,2105212908
2024-03-28T13:34:10.449000+00:00,BTCUSDT,71254.0,0.149,sell,2105212909
2024-03-28T13:34:10.449000+00:00,BTCUSDT,71253.4,0.002,sell,2105212910
2024-03-28T13:34:10.449000+00:00,BTCUSDT,71253.2,0.028,sell,2105212911
2024-03-28T13:34:10.449000+00:00,BTCUSDT,71253.1,0.011,sell,2105212912
2024-03-28T13:34:10.449000+00:00,BTCUSDT,71253.0,0.017,sell,2105212913
2024-03-28T13:34:10.449000+00:00,BTCUSDT,71252.5,0.01,sell,2105212914
2024-03-28T13:34:10.449000+00:00,BTCUSDT,71252.0,0.149,sell,2105212915
2024-03-28T13:34:10.449000+00:00,BTCUSDT,71251.6,0.03,sell,2105212916
2024-03-28T13:34:10.449000+00:00,BTCUSDT,71251.5,0.002,sell,2105212917
2024-03-28T13:34:10.449000+00:00,BTCUSDT,71251.4,0.007,sell,2105212918
2024-03-28T13:34:10.449000+00:00,BTCUSDT,71251.3,0.002,sell,2105212919
2024-03-28T13:34:10.449000+00:00,BTCUSDT,71251.1,0.602,sell,2105212920
2024-03-28T13:34:10.451000+00:00,BTCUSDT,71250.9,0.086,sell,2105212921
2024-03-28T13:34:10.474000+00:00,BTCUSDT,71250.2,0.141,buy,2105212922
2024-03-28T13:34:10.474000+00:00,BTCUSDT,71250.1,0.002,sell,2105212923
2024-03-28T13:34:10.495000+00:00,BTCUSDT,71250.0,0.557,sell,2105212924
2024-03-28T13:34:10.590000+00:00,BTCUSDT,71250.1,0.039,buy,2105212925
2024-03-28T13:34:10.590000+00:00,BTCUSDT,71250.2,0.028,buy,2105212926
2024-03-28T13:34:10.590000+00:00,BTCUSDT,71251.0,0.033,buy,2105212927
2024-03-28T13:34:10.590000+00:00,BTCUSDT,71251.3,0.002,buy,2105212928
2024-03-28T13:34:10.598000+00:00,BTCUSDT,71252.8,0.014,buy,2105212929
2024-03-28T13:34:10.598000+00:00,BTCUSDT,71255.8,0.002,buy,2105212930
2024-03-28T13:34:10.598000+00:00,BTCUSDT,71257.2,0.098,buy,2105212931
2024-03-28T13:34:10.598000+00:00,BTCUSDT,71257.4,0.1,buy,2105212932
2024-03-28T13:34:10.598000+00:00,BTCUSDT,71258.1,0.1,buy,2105212933
2024-03-28T13:34:10.598000+00:00,BTCUSDT,71258.3,0.002,buy,2105212934
2024-03-28T13:34:10.598000+00:00,BTCUSDT,71259.3,0.002,buy,2105212935
2024-03-28T13:34:10.598000+00:00,BTCUSDT,71259.6,0.002,buy,2105212936
2024-03-28T13:34:10.598000+00:00,BTCUSDT,71260.0,0.011,buy,2105212937
2024-03-28T13:34:10.598000+00:00,BTCUSDT,71260.1,0.14,buy,2105212938
2024-03-28T13:34:10.746000+00:00,BTCUSDT,71260.0,0.103,sell,2105212939
2024-03-28T13:34:10.750000+00:00,BTCUSDT,71260.1,0.544,buy,2105212940
2024-03-28T13:34:10.759000+00:00,BTCUSDT,71260.0,0.642,sell,2105212941
2024-03-28T13:34:10.815000+00:00,BTCUSDT,71260.1,0.051,buy,2105212942
2024-03-28T13:34:10.817000+00:00,BTCUSDT,71260.0,0.005,sell,2105212943
2024-03-28T13:34:10.818000+00:00,BTCUSDT,71260.1,1.388,buy,2105212944
2024-03-28T13:34:10.818000+00:00,BTCUSDT,71260.2,0.002,buy,2105212945
2024-03-28T13:34:10.818000+00:00,BTCUSDT,71260.9,0.103,buy,2105212946
2024-03-28T13:34:10.818000+00:00,BTCUSDT,71261.0,0.257,buy,2105212947
2024-03-28T13:34:10.818000+00:00,BTCUSDT,71261.2,0.103,buy,2105212948
2024-03-28T13:34:10.818000+00:00,BTCUSDT,71261.3,0.944,buy,2105212949
2024-03-28T13:34:10.867000+00:00,BTCUSDT,71261.6,0.028,buy,2105212950
2024-03-28T13:34:10.867000+00:00,BTCUSDT,71262.0,0.028,buy,2105212951
2024-03-28T13:34:10.867000+00:00,BTCUSDT,71262.2,0.002,buy,2105212952
2024-03-28T13:34:10.867000+00:00,BTCUSDT,71262.3,0.126,buy,2105212953
2024-03-28T13:34:10.867000+00:00,BTCUSDT,71262.6,0.1,buy,2105212954
2024-03-28T13:34:10.867000+00:00,BTCUSDT,71263.3,0.01,buy,2105212955
2024-03-28T13:34:10.867000+00:00,BTCUSDT,71263.8,0.026,buy,2105212956
2024-03-28T13:34:10.867000+00:00,BTCUSDT,71264.5,0.081,buy,2105212957
2024-03-28T13:34:10.868000+00:00,BTCUSDT,71264.4,0.048,sell,2105212958
2024-03-28T13:34:10.941000+00:00,BTCUSDT,71264.5,0.211,buy,2105212959
2024-03-28T13:34:10.945000+00:00,BTCUSDT,71264.8,0.134,buy,2105212960
2024-03-28T13:34:10.945000+00:00,BTCUSDT,71265.0,0.21,buy,2105212961
2024-03-28T13:34:10.948000+00:00,BTCUSDT,71266.0,0.025,buy,2105212962
2024-03-28T13:34:10.948000+00:00,BTCUSDT,71266.6,0.01,buy,2105212963
2024-03-28T13:34:10.948000+00:00,BTCUSDT,71266.8,0.011,buy,2105212964
2024-03-28T13:34:10.948000+00:00,BTCUSDT,71266.9,0.002,buy,2105212965
2024-03-28T13:34:10.948000+00:00,BTCUSDT,71267.0,0.01,buy,2105212966
2024-03-28T13:34:10.948000+00:00,BTCUSDT,71267.1,0.051,buy,2105212967
2024-03-28T13:34:10.948000+00:00,BTCUSDT,71267.7,0.002,buy,2105212968
2024-03-28T13:34:10.948000+00:00,BTCUSDT,71267.9,0.263,buy,2105212969
2024-03-28T13:34:10.948000+00:00,BTCUSDT,71268.0,2.231,buy,2105212970
2024-03-28T13:34:10.948000+00:00,BTCUSDT,71268.1,1.547,buy,2105212971
2024-03-28T13:34:10.954000+00:00,BTCUSDT,71268.2,0.702,buy,2105212972
2024-03-28T13:34:10.957000+00:00,BTCUSDT,71268.3,1.091,buy,2105212973
2024-03-28T13:34:10.959000+00:00,BTCUSDT,71268.4,0.038,buy,2105212974
2024-03-28T13:34:10.959000+00:00,BTCUSDT,71268.5,0.019,buy,2105212975
2024-03-28T13:34:10.959000+00:00,BTCUSDT,71268.7,0.411,buy,2105212976
2024-03-28T13:34:10.959000+00:00,BTCUSDT,71268.8,0.401,buy,2105212977
2024-03-28T13:34:10.961000+00:00,BTCUSDT,71269.0,0.042,buy,2105212978
2024-03-28T13:34:10.961000+00:00,BTCUSDT,71269.2,1.04,buy,2105212979
2024-03-28T13:34:10.961000+00:00,BTCUSDT,71269.3,0.006,buy,2105212980
2024-03-28T13:34:10.961000+00:00,BTCUSDT,71269.4,0.037,buy,2105212981
2024-03-28T13:34:10.970000+00:00,BTCUSDT,71269.7,0.012,buy,2105212982
2024-03-28T13:34:10.970000+00:00,BTCUSDT,71269.8,0.038,buy,2105212983
2024-03-28T13:34:10.970000+00:00,BTCUSDT,71269.9,0.017,buy,2105212984
2024-03-28T13:34:10.970000+00:00,BTCUSDT,71270.0,0.012,buy,2105212985
2024-03-28T13:34:10.970000+00:00,BTCUSDT,71270.1,0.002,buy,2105212986
2024-03-28T13:34:10.970000+00:00,BTCUSDT,71270.3,0.056,buy,2105212987
2024-03-28T13:34:10.970000+00:00,BTCUSDT,71270.4,0.022,buy,2105212988
2024-03-28T13:34:10.979000+00:00,BTCUSDT,71270.3,0.302,sell,2105212989
2024-03-28T13:34:11.004000+00:00,BTCUSDT,71271.0,0.01,buy,2105212990
2024-03-28T13:34:11.004000+00:00,BTCUSDT,71271.1,0.177,buy,2105212991
2024-03-28T13:34:11.004000+00:00,BTCUSDT,71271.3,0.125,buy,2105212992
2024-03-28T13:34:11.004000+00:00,BTCUSDT,71271.2,0.002,sell,2105212993
2024-03-28T13:34:11.004000+00:00,BTCUSDT,71271.3,0.512,buy,2105212994
2024-03-28T13:34:11.005000+00:00,BTCUSDT,71271.5,0.28,buy,2105212995
2024-03-28T13:34:11.005000+00:00,BTCUSDT,71271.7,0.022,buy,2105212996
2024-03-28T13:34:11.005000+00:00,BTCUSDT,71271.8,0.003,buy,2105212997
2024-03-28T13:34:11.005000+00:00,BTCUSDT,71271.9,0.002,buy,2105212998
2024-03-28T13:34:11.006000+00:00,BTCUSDT,71272.0,0.012,buy,2105212999
2024-03-28T13:34:11.006000+00:00,BTCUSDT,71272.1,0.298,buy,2105213000
2024-03-28T13:34:11.006000+00:00,BTCUSDT,71272.4,0.002,buy,2105213001
2024-03-28T13:34:11.006000+00:00,BTCUSDT,71272.5,0.002,buy,2105213002
2024-03-28T13:34:11.008000+00:00,BTCUSDT,71272.7,0.002,buy,2105213003
2024-03-28T13:34:11.008000+00:00,BTCUSDT,71273.0,0.33,buy,2105213004
2024-03-28T13:34:11.008000+00:00,BTCUSDT,71273.4,0.004,buy,2105213005
2024-03-28T13:34:11.011000+00:00,BTCUSDT,71271.7,0.079,sell,2105213006
2024-03-28T13:34:11.050000+00:00,BTCUSDT,71273.4,0.102,sell,2105213007
2024-03-28T13:34:11.050000+00:00,BTCUSDT,71271.7,0.138,sell,2105213008
2024-03-28T13:34:11.054000+00:00,BTCUSDT,71273.6,0.032,buy,2105213009
2024-03-28T13:34:11.054000+00:00,BTCUSDT,71273.9,0.004,buy,2105213010
2024-03-28T13:34:11.054000+00:00,BTCUSDT,71274.0,0.019,buy,2105213011
2024-03-28T13:34:11.054000+00:00,BTCUSDT,71274.4,0.002,buy,2105213012
2024-03-28T13:34:11.054000+00:00,BTCUSDT,71274.7,0.062,buy,2105213013
2024-03-28T13:34:11.054000+00:00,BTCUSDT,71274.8,0.006,buy,2105213014
2024-03-28T13:34:11.054000+00:00,BTCUSDT,71274.9,0.004,buy,2105213015
2024-03-28T13:34:11.058000+00:00,BTCUSDT,71275.0,0.074,buy,2105213016
2024-03-28T13:34:11.058000+00:00,BTCUSDT,71275.1,0.259,buy,2105213017
2024-03-28T13:34:11.058000+00:00,BTCUSDT,71275.3,0.005,buy,2105213018
2024-03-28T13:34:11.077000+00:00,BTCUSDT,71275.5,0.32,buy,2105213019
2024-03-28T13:34:11.077000+00:00,BTCUSDT,71275.9,0.031,buy,2105213020
2024-03-28T13:34:11.077000+00:00,BTCUSDT,71276.0,0.012,buy,2105213021
2024-03-28T13:34:11.077000+00:00,BTCUSDT,71276.1,0.002,buy,2105213022
2024-03-28T13:34:11.077000+00:00,BTCUSDT,71276.3,0.043,buy,2105213023
2024-03-28T13:34:11.077000+00:00,BTCUSDT,71276.4,0.004,buy,2105213024
2024-03-28T13:34:11.077000+00:00,BTCUSDT,71276.5,0.447,buy,2105213025
2024-03-28T13:34:11.195000+00:00,BTCUSDT,71276.5,0.004,buy,2105213026
2024-03-28T13:34:11.216000+00:00,BTCUSDT,71276.4,1.0,sell,2105213027
2024-03-28T13:34:11.236000+00:00,BTCUSDT,71276.5,0.306,buy,2105213028
2024-03-28T13:34:11.274000+00:00,BTCUSDT,71276.4,0.002,sell,2105213029
2024-03-28T13:34:11.275000+00:00,BTCUSDT,71276.5,0.004,buy,2105213030
2024-03-28T13:34:11.288000+00:00,BTCUSDT,71276.4,0.036,sell,2105213031
2024-03-28T13:34:11.403000+00:00,BTCUSDT,71276.5,0.006,buy,2105213032
2024-03-28T13:34:11.406000+00:00,BTCUSDT,71276.4,0.347,sell,2105213033
2024-03-28T13:34:11.450000+00:00,BTCUSDT,71276.5,0.013,buy,2105213034
2024-03-28T13:34:11.475000+00:00,BTCUSDT,71276.4,0.386,sell,2105213035
2024-03-28T13:34:11.526000+00:00,BTCUSDT,71275.5,0.007,sell,2105213036
2024-03-28T13:34:11.542000+00:00,BTCUSDT,71275.3,0.111,buy,2105213037
2024-03-28T13:34:11.544000+00:00,BTCUSDT,71275.2,0.002,sell,2105213038
2024-03-28T13:34:11.544000+00:00,BTCUSDT,71272.9,0.002,sell,2105213039
2024-03-28T13:34:11.563000+00:00,BTCUSDT,71272.7,0.002,sell,2105213040
2024-03-28T13:34:11.569000+00:00,BTCUSDT,71272.8,0.008,buy,2105213041
2024-03-28T13:34:11.577000+00:00,BTCUSDT,71272.5,0.004,sell,2105213042
2024-03-28T13:34:11.591000+00:00,BTCUSDT,71271.8,0.004,sell,2105213043
2024-03-28T13:34:11.591000+00:00,BTCUSDT,71270.6,0.002,sell,2105213044
2024-03-28T13:34:11.591000+00:00,BTCUSDT,71270.5,0.147,sell,2105213045
2024-03-28T13:34:11.598000+00:00,BTCUSDT,71270.6,0.019,buy,2105213046
2024-03-28T13:34:11.614000+00:00,BTCUSDT,71270.5,0.086,sell,2105213047
2024-03-28T13:34:11.654000+00:00,BTCUSDT,71270.6,0.986,buy,2105213048
2024-03-28T13:34:11.723000+00:00,BTCUSDT,71270.7,0.002,buy,2105213049
2024-03-28T13:34:11.723000+00:00,BTCUSDT,71271.9,0.456,buy,2105213050
2024-03-28T13:34:11.723000+00:00,BTCUSDT,71272.6,0.186,buy,2105213051
2024-03-28T13:34:11.724000+00:00,BTCUSDT,71272.5,0.008,sell,2105213052
2024-03-28T13:34:11.747000+00:00,BTCUSDT,71272.6,0.03,buy,2105213053
2024-03-28T13:34:11.771000+00:00,BTCUSDT,71272.5,0.072,sell,2105213054
2024-03-28T13:34:11.815000+00:00,BTCUSDT,71272.6,0.009,buy,2105213055
2024-03-28T13:34:11.830000+00:00,BTCUSDT,71272.5,0.008,sell,2105213056
2024-03-28T13:34:11.853000+00:00,BTCUSDT,71272.0,0.002,sell,2105213057
2024-03-28T13:34:11.855000+00:00,BTCUSDT,71270.6,0.091,sell,2105213058
2024-03-28T13:34:11.855000+00:00,BTCUSDT,71270.3,0.003,sell,2105213059
2024-03-28T13:34:11.855000+00:00,BTCUSDT,71270.0,0.002,sell,2105213060
2024-03-28T13:34:11.863000+00:00,BTCUSDT,71269.8,0.023,sell,2105213061
2024-03-28T13:34:11.892000+00:00,BTCUSDT,71269.9,0.016,buy,2105213062
2024-03-28T13:34:11.897000+00:00,BTCUSDT,71269.8,2.563,sell,2105213063
2024-03-28T13:34:11.900000+00:00,BTCUSDT,71269.4,0.121,sell,2105213064
2024-03-28T13:34:11.900000+00:00,BTCUSDT,71269.0,0.002,sell,2105213065
2024-03-28T13:34:11.900000+00:00,BTCUSDT,71268.4,0.002,sell,2105213066
2024-03-28T13:34:11.903000+00:00,BTCUSDT,71268.3,0.009,sell,2105213067
2024-03-28T13:34:11.903000+00:00,BTCUSDT,71268.0,0.005,sell,2105213068
2024-03-28T13:34:11.903000+00:00,BTCUSDT,71267.8,0.004,sell,2105213069
2024-03-28T13:34:11.903000+00:00,BTCUSDT,71267.7,0.002,sell,2105213070
2024-03-28T13:34:11.903000+00:00,BTCUSDT,71267.5,0.005,sell,2105213071
2024-03-28T13:34:11.903000+00:00,BTCUSDT,71266.8,0.005,sell,2105213072
2024-03-28T13:34:11.903000+00:00,BTCUSDT,71266.7,0.005,sell,2105213073
2024-03-28T13:34:11.903000+00:00,BTCUSDT,71266.4,0.002,sell,2105213074
2024-03-28T13:34:11.903000+00:00,BTCUSDT,71266.0,0.002,sell,2105213075
2024-03-28T13:34:11.903000+00:00,BTCUSDT,71265.6,0.002,sell,2105213076
2024-03-28T13:34:11.903000+00:00,BTCUSDT,71265.5,0.238,sell,2105213077
2024-03-28T13:34:11.904000+00:00,BTCUSDT,71265.2,0.002,sell,2105213078
2024-03-28T13:34:11.916000+00:00,BTCUSDT,71265.0,0.05,buy,2105213079
2024-03-28T13:34:11.916000+00:00,BTCUSDT,71264.9,0.002,sell,2105213080
2024-03-28T13:34:11.917000+00:00,BTCUSDT,71264.7,0.016,sell,2105213081
2024-03-28T13:34:11.917000+00:00,BTCUSDT,71264.0,0.009,sell,2105213082
2024-03-28T13:34:11.922000+00:00,BTCUSDT,71264.1,3.14,buy,2105213083
2024-03-28T13:34:11.998000+00:00,BTCUSDT,71264.7,0.009,buy,2105213084
2024-03-28T13:34:11.998000+00:00,BTCUSDT,71265.0,0.036,buy,2105213085
2024-03-28T13:34:12.010000+00:00,BTCUSDT,71266.3,1.008,sell,2105213086
2024-03-28T13:34:12.010000+00:00,BTCUSDT,71265.7,0.398,sell,2105213087
2024-03-28T13:34:12.013000+00:00,BTCUSDT,71266.4,0.01,buy,2105213088
2024-03-28T13:34:12.013000+00:00,BTCUSDT,71266.6,0.002,buy,2105213089
2024-03-28T13:34:12.013000+00:00,BTCUSDT,71267.1,0.004,buy,2105213090
2024-03-28T13:34:12.013000+00:00,BTCUSDT,71267.6,0.012,buy,2105213091
2024-03-28T13:34:12.013000+00:00,BTCUSDT,71269.8,0.002,buy,2105213092
2024-03-28T13:34:12.013000+00:00,BTCUSDT,71269.9,0.048,buy,2105213093
2024-03-28T13:34:12.013000+00:00,BTCUSDT,71270.0,0.002,buy,2105213094
2024-03-28T13:34:12.013000+00:00,BTCUSDT,71270.4,0.062,buy,2105213095
2024-03-28T13:34:12.013000+00:00,BTCUSDT,71270.5,0.034,buy,2105213096
2024-03-28T13:34:12.021000+00:00,BTCUSDT,71269.7,0.001,sell,2105213097
2024-03-28T13:34:12.021000+00:00,BTCUSDT,71270.5,0.096,buy,2105213098
2024-03-28T13:34:12.021000+00:00,BTCUSDT,71271.9,0.08,buy,2105213099
2024-03-28T13:34:12.021000+00:00,BTCUSDT,71272.1,0.009,buy,2105213100
2024-03-28T13:34:12.021000+00:00,BTCUSDT,71269.7,0.001,sell,2105213101
2024-03-28T13:34:12.021000+00:00,BTCUSDT,71272.1,0.091,buy,2105213102
2024-03-28T13:34:12.021000+00:00,BTCUSDT,71272.3,0.106,buy,2105213103
2024-03-28T13:34:12.021000+00:00,BTCUSDT,71269.7,0.031,sell,2105213104
2024-03-28T13:34:12.021000+00:00,BTCUSDT,71272.3,0.007,buy,2105213105
2024-03-28T13:34:12.021000+00:00,BTCUSDT,71269.7,0.002,sell,2105213106
2024-03-28T13:34:12.021000+00:00,BTCUSDT,71268.7,0.176,sell,2105213107
2024-03-28T13:34:12.021000+00:00,BTCUSDT,71272.3,0.052,buy,2105213108
2024-03-28T13:34:12.021000+00:00,BTCUSDT,71272.5,0.366,buy,2105213109
2024-03-28T13:34:12.021000+00:00,BTCUSDT,71272.6,0.029,buy,2105213110
2024-03-28T13:34:12.021000+00:00,BTCUSDT,71272.7,0.002,buy,2105213111
2024-03-28T13:34:12.021000+00:00,BTCUSDT,71272.8,0.013,buy,2105213112
2024-03-28T13:34:12.021000+00:00,BTCUSDT,71268.7,0.117,sell,2105213113
2024-03-28T13:34:12.021000+00:00,BTCUSDT,71272.8,0.079,buy,2105213114
2024-03-28T13:34:12.021000+00:00,BTCUSDT,71270.0,0.247,sell,2105213115
2024-03-28T13:34:12.021000+00:00,BTCUSDT,71268.7,0.023,sell,2105213116
2024-03-28T13:34:12.021000+00:00,BTCUSDT,71272.8,0.008,buy,2105213117
2024-03-28T13:34:12.021000+00:00,BTCUSDT,71273.7,0.068,buy,2105213118
2024-03-28T13:34:12.021000+00:00,BTCUSDT,71273.9,0.004,buy,2105213119
2024-03-28T13:34:12.021000+00:00,BTCUSDT,71274.0,0.03,buy,2105213120
2024-03-28T13:34:12.021000+00:00,BTCUSDT,71274.5,0.02,buy,2105213121
2024-03-28T13:34:12.021000+00:00,BTCUSDT,71274.6,0.004,buy,2105213122
2024-03-28T13:34:12.021000+00:00,BTCUSDT,71274.9,0.002,buy,2105213123
2024-03-28T13:34:12.021000+00:00,BTCUSDT,71275.0,0.004,buy,2105213124
2024-03-28T13:34:12.021000+00:00,BTCUSDT,71275.1,0.003,buy,2105213125
2024-03-28T13:34:12.021000+00:00,BTCUSDT,71275.6,0.028,buy,2105213126
2024-03-28T13:34:12.021000+00:00,BTCUSDT,71275.9,0.093,buy,2105213127
2024-03-28T13:34:12.021000+00:00,BTCUSDT,71276.0,0.149,buy,2105213128
2024-03-28T13:34:12.021000+00:00,BTCUSDT,71276.1,0.035,buy,2105213129
2024-03-28T13:34:12.021000+00:00,BTCUSDT,71268.7,0.006,sell,2105213130
2024-03-28T13:34:12.021000+00:00,BTCUSDT,71276.1,0.129,buy,2105213131
2024-03-28T13:34:12.021000+00:00,BTCUSDT,71277.0,0.01,buy,2105213132
2024-03-28T13:34:12.021000+00:00,BTCUSDT,71277.1,0.033,buy,2105213133
2024-03-28T13:34:12.021000+00:00,BTCUSDT,71277.2,0.028,buy,2105213134
2024-03-28T13:34:12.021000+00:00,BTCUSDT,71277.6,0.002,buy,2105213135
2024-03-28T13:34:12.021000+00:00,BTCUSDT,71277.7,0.002,buy,2105213136
2024-03-28T13:34:12.021000+00:00,BTCUSDT,71277.8,0.302,buy,2105213137
2024-03-28T13:34:12.021000+00:00,BTCUSDT,71277.9,0.003,buy,2105213138
2024-03-28T13:34:12.021000+00:00,BTCUSDT,71278.0,0.159,buy,2105213139
2024-03-28T13:34:12.021000+00:00,BTCUSDT,71278.1,0.17,buy,2105213140
2024-03-28T13:34:12.021000+00:00,BTCUSDT,71278.2,0.03,buy,2105213141
2024-03-28T13:34:12.021000+00:00,BTCUSDT,71278.5,0.006,buy,2105213142
2024-03-28T13:34:12.021000+00:00,BTCUSDT,71278.6,0.004,buy,2105213143
2024-03-28T13:34:12.021000+00:00,BTCUSDT,71278.7,0.305,buy,2105213144
2024-03-28T13:34:12.021000+00:00,BTCUSDT,71268.7,0.003,sell,2105213145
2024-03-28T13:34:12.021000+00:00,BTCUSDT,71278.7,1.133,buy,2105213146
2024-03-28T13:34:12.021000+00:00,BTCUSDT,71278.8,0.028,buy,2105213147
2024-03-28T13:34:12.021000+00:00,BTCUSDT,71278.9,0.882,buy,2105213148
2024-03-28T13:34:12.021000+00:00,BTCUSDT,71279.0,0.012,buy,2105213149
2024-03-28T13:34:12.021000+00:00,BTCUSDT,71279.7,0.004,buy,2105213150
2024-03-28T13:34:12.021000+00:00,BTCUSDT,71279.8,0.003,buy,2105213151
2024-03-28T13:34:12.021000+00:00,BTCUSDT,71280.0,3.192,buy,2105213152
2024-03-28T13:34:12.021000+00:00,BTCUSDT,71268.7,0.079,sell,2105213153
2024-03-28T13:34:12.021000+00:00,BTCUSDT,71280.0,0.151,buy,2105213154
2024-03-28T13:34:12.021000+00:00,BTCUSDT,71268.7,0.15,sell,2105213155
2024-03-28T13:34:12.021000+00:00,BTCUSDT,71280.0,0.274,buy,2105213156
2024-03-28T13:34:12.021000+00:00,BTCUSDT,71268.7,0.004,sell,2105213157
2024-03-28T13:34:12.021000+00:00,BTCUSDT,71280.0,3.528,buy,2105213158
2024-03-28T13:34:12.022000+00:00,BTCUSDT,71280.3,0.002,buy,2105213159
2024-03-28T13:34:12.022000+00:00,BTCUSDT,71280.6,0.025,buy,2105213160
2024-03-28T13:34:12.022000+00:00,BTCUSDT,71268.7,0.031,sell,2105213161
2024-03-28T13:34:12.022000+00:00,BTCUSDT,71268.3,0.002,sell,2105213162
2024-03-28T13:34:12.022000+00:00,BTCUSDT,71267.9,0.009,sell,2105213163
2024-03-28T13:34:12.022000+00:00,BTCUSDT,71280.6,0.031,buy,2105213164
2024-03-28T13:34:12.022000+00:00,BTCUSDT,71280.9,0.002,buy,2105213165
2024-03-28T13:34:12.022000+00:00,BTCUSDT,71281.0,0.028,buy,2105213166
2024-03-28T13:34:12.022000+00:00,BTCUSDT,71281.3,0.069,buy,2105213167
2024-03-28T13:34:12.022000+00:00,BTCUSDT,71267.9,0.033,sell,2105213168
2024-03-28T13:34:12.022000+00:00,BTCUSDT,71281.3,0.02,buy,2105213169
2024-03-28T13:34:12.022000+00:00,BTCUSDT,71281.4,0.01,buy,2105213170
2024-03-28T13:34:12.022000+00:00,BTCUSDT,71281.6,0.615,buy,2105213171
2024-03-28T13:34:12.022000+00:00,BTCUSDT,71282.0,0.159,buy,2105213172
2024-03-28T13:34:12.022000+00:00,BTCUSDT,71282.1,0.004,buy,2105213173
2024-03-28T13:34:12.022000+00:00,BTCUSDT,71282.4,0.411,buy,2105213174
2024-03-28T13:34:12.022000+00:00,BTCUSDT,71282.6,0.004,buy,2105213175
2024-03-28T13:34:12.022000+00:00,BTCUSDT,71282.8,0.006,buy,2105213176
2024-03-28T13:34:12.022000+00:00,BTCUSDT,71282.9,0.002,buy,2105213177
2024-03-28T13:34:12.022000+00:00,BTCUSDT,71283.0,0.017,buy,2105213178
2024-03-28T13:34:12.022000+00:00,BTCUSDT,71283.2,0.031,buy,2105213179
2024-03-28T13:34:12.022000+00:00,BTCUSDT,71283.3,0.084,buy,2105213180
2024-03-28T13:34:12.022000+00:00,BTCUSDT,71283.4,0.708,buy,2105213181
2024-03-28T13:34:12.022000+00:00,BTCUSDT,71283.5,0.004,buy,2105213182
2024-03-28T13:34:12.022000+00:00,BTCUSDT,71284.0,0.19,buy,2105213183
2024-03-28T13:34:12.022000+00:00,BTCUSDT,71284.5,0.004,buy,2105213184
2024-03-28T13:34:12.022000+00:00,BTCUSDT,71284.7,0.002,buy,2105213185
2024-03-28T13:34:12.022000+00:00,BTCUSDT,71285.0,0.12,buy,2105213186
2024-03-28T13:34:12.022000+00:00,BTCUSDT,71285.3,0.178,buy,2105213187
2024-03-28T13:34:12.022000+00:00,BTCUSDT,71285.6,0.004,buy,2105213188
2024-03-28T13:34:12.022000+00:00,BTCUSDT,71285.7,0.004,buy,2105213189
2024-03-28T13:34:12.022000+00:00,BTCUSDT,71286.0,0.016,buy,2105213190
2024-03-28T13:34:12.022000+00:00,BTCUSDT,71286.1,0.004,buy,2105213191
2024-03-28T13:34:12.022000+00:00,BTCUSDT,71286.5,0.002,buy,2105213192
2024-03-28T13:34:12.022000+00:00,BTCUSDT,71286.6,0.013,buy,2105213193
2024-03-28T13:34:12.022000+00:00,BTCUSDT,71286.8,0.08,buy,2105213194
2024-03-28T13:34:12.022000+00:00,BTCUSDT,71286.9,0.01,buy,2105213195
2024-03-28T13:34:12.022000+00:00,BTCUSDT,71287.1,0.004,buy,2105213196
2024-03-28T13:34:12.022000+00:00,BTCUSDT,71287.2,0.002,buy,2105213197
2024-03-28T13:34:12.022000+00:00,BTCUSDT,71287.4,0.01,buy,2105213198
2024-03-28T13:34:12.022000+00:00,BTCUSDT,71287.6,0.15,buy,2105213199
2024-03-28T13:34:12.022000+00:00,BTCUSDT,71287.8,0.009,buy,2105213200
2024-03-28T13:34:12.022000+00:00,BTCUSDT,71287.9,0.005,buy,2105213201
2024-03-28T13:34:12.022000+00:00,BTCUSDT,71288.0,0.544,buy,2105213202
2024-03-28T13:34:12.022000+00:00,BTCUSDT,71288.1,0.178,buy,2105213203
2024-03-28T13:34:12.022000+00:00,BTCUSDT,71288.4,0.002,buy,2105213204
2024-03-28T13:34:12.022000+00:00,BTCUSDT,71288.6,0.173,buy,2105213205
2024-03-28T13:34:12.022000+00:00,BTCUSDT,71288.7,0.002,buy,2105213206
2024-03-28T13:34:12.022000+00:00,BTCUSDT,71289.0,0.042,buy,2105213207
2024-03-28T13:34:12.022000+00:00,BTCUSDT,71289.2,0.004,buy,2105213208
2024-03-28T13:34:12.022000+00:00,BTCUSDT,71289.3,0.169,buy,2105213209
2024-03-28T13:34:12.022000+00:00,BTCUSDT,71289.4,0.011,buy,2105213210
2024-03-28T13:34:12.022000+00:00,BTCUSDT,71289.6,0.014,buy,2105213211
2024-03-28T13:34:12.022000+00:00,BTCUSDT,71289.7,0.169,buy,2105213212
2024-03-28T13:34:12.022000+00:00,BTCUSDT,71289.9,0.002,buy,2105213213
2024-03-28T13:34:12.022000+00:00,BTCUSDT,71290.0,0.006,buy,2105213214
2024-03-28T13:34:12.022000+00:00,BTCUSDT,71290.1,0.227,buy,2105213215
2024-03-28T13:34:12.022000+00:00,BTCUSDT,71290.2,0.07,buy,2105213216
2024-03-28T13:34:12.022000+00:00,BTCUSDT,71290.3,0.006,buy,2105213217
2024-03-28T13:34:12.022000+00:00,BTCUSDT,71290.7,0.36,buy,2105213218
2024-03-28T13:34:12.022000+00:00,BTCUSDT,71290.8,0.002,buy,2105213219
2024-03-28T13:34:12.022000+00:00,BTCUSDT,71290.9,0.002,buy,2105213220
2024-03-28T13:34:12.022000+00:00,BTCUSDT,71291.1,0.002,buy,2105213221
2024-03-28T13:34:12.022000+00:00,BTCUSDT,71291.5,2.025,buy,2105213222
2024-03-28T13:34:12.022000+00:00,BTCUSDT,71291.6,0.044,buy,2105213223
2024-03-28T13:34:12.022000+00:00,BTCUSDT,71291.7,0.051,buy,2105213224
2024-03-28T13:34:12.022000+00:00,BTCUSDT,71291.8,0.102,buy,2105213225
2024-03-28T13:34:12.022000+00:00,BTCUSDT,71292.0,0.004,buy,2105213226
2024-03-28T13:34:12.022000+00:00,BTCUSDT,71292.1,0.136,buy,2105213227
2024-03-28T13:34:12.022000+00:00,BTCUSDT,71292.2,0.002,buy,2105213228
2024-03-28T13:34:12.022000+00:00,BTCUSDT,71292.7,0.02,buy,2105213229
2024-03-28T13:34:12.022000+00:00,BTCUSDT,71292.9,0.008,buy,2105213230
2024-03-28T13:34:12.022000+00:00,BTCUSDT,71293.1,0.005,buy,2105213231
2024-03-28T13:34:12.022000+00:00,BTCUSDT,71293.2,0.109,buy,2105213232
2024-03-28T13:34:12.022000+00:00,BTCUSDT,71293.3,0.112,buy,2105213233
2024-03-28T13:34:12.022000+00:00,BTCUSDT,71293.4,0.6,buy,2105213234
2024-03-28T13:34:12.022000+00:00,BTCUSDT,71293.5,0.031,buy,2105213235
2024-03-28T13:34:12.022000+00:00,BTCUSDT,71293.6,0.026,buy,2105213236
2024-03-28T13:34:12.022000+00:00,BTCUSDT,71293.7,0.011,buy,2105213237
2024-03-28T13:34:12.022000+00:00,BTCUSDT,71293.9,0.186,buy,2105213238
2024-03-28T13:34:12.022000+00:00,BTCUSDT,71294.0,0.004,buy,2105213239
2024-03-28T13:34:12.022000+00:00,BTCUSDT,71294.1,0.71,buy,2105213240
2024-03-28T13:34:12.022000+00:00,BTCUSDT,71294.2,0.013,buy,2105213241
2024-03-28T13:34:12.022000+00:00,BTCUSDT,71294.4,0.002,buy,2105213242
2024-03-28T13:34:12.022000+00:00,BTCUSDT,71294.9,0.037,buy,2105213243
2024-03-28T13:34:12.022000+00:00,BTCUSDT,71295.0,0.004,buy,2105213244
2024-03-28T13:34:12.022000+00:00,BTCUSDT,71295.2,0.008,buy,2105213245
2024-03-28T13:34:12.022000+00:00,BTCUSDT,71295.3,0.031,buy,2105213246
2024-03-28T13:34:12.022000+00:00,BTCUSDT,71295.4,0.01,buy,2105213247
2024-03-28T13:34:12.022000+00:00,BTCUSDT,71295.6,0.022,buy,2105213248
2024-03-28T13:34:12.022000+00:00,BTCUSDT,71295.7,0.002,buy,2105213249
2024-03-28T13:34:12.022000+00:00,BTCUSDT,71295.9,0.025,buy,2105213250
2024-03-28T13:34:12.022000+00:00,BTCUSDT,71296.0,0.035,buy,2105213251
2024-03-28T13:34:12.022000+00:00,BTCUSDT,71296.1,0.022,buy,2105213252
2024-03-28T13:34:12.022000+00:00,BTCUSDT,71296.2,0.022,buy,2105213253
2024-03-28T13:34:12.022000+00:00,BTCUSDT,71296.3,0.006,buy,2105213254
2024-03-28T13:34:12.022000+00:00,BTCUSDT,71296.5,0.01,buy,2105213255
2024-03-28T13:34:12.022000+00:00,BTCUSDT,71296.6,0.152,buy,2105213256
2024-03-28T13:34:12.022000+00:00,BTCUSDT,71296.7,0.037,buy,2105213257
2024-03-28T13:34:12.022000+00:00,BTCUSDT,71296.9,0.452,buy,2105213258
2024-03-28T13:34:12.022000+00:00,BTCUSDT,71297.0,0.308,buy,2105213259
2024-03-28T13:34:12.022000+00:00,BTCUSDT,71297.1,0.035,buy,2105213260
2024-03-28T13:34:12.022000+00:00,BTCUSDT,71297.2,0.432,buy,2105213261
2024-03-28T13:34:12.022000+00:00,BTCUSDT,71297.3,0.021,buy,2105213262
2024-03-28T13:34:12.022000+00:00,BTCUSDT,71297.4,0.033,buy,2105213263
2024-03-28T13:34:12.022000+00:00,BTCUSDT,71297.5,0.006,buy,2105213264
2024-03-28T13:34:12.022000+00:00,BTCUSDT,71297.6,0.039,buy,2105213265
2024-03-28T13:34:12.022000+00:00,BTCUSDT,71297.8,0.606,buy,2105213266
2024-03-28T13:34:12.022000+00:00,BTCUSDT,71297.9,0.016,buy,2105213267
2024-03-28T13:34:12.022000+00:00,BTCUSDT,71298.0,0.002,buy,2105213268
2024-03-28T13:34:12.022000+00:00,BTCUSDT,71298.1,0.033,buy,2105213269
2024-03-28T13:34:12.022000+00:00,BTCUSDT,71298.2,0.178,buy,2105213270
2024-03-28T13:34:12.022000+00:00,BTCUSDT,71298.3,0.004,buy,2105213271
2024-03-28T13:34:12.022000+00:00,BTCUSDT,71298.4,0.002,buy,2105213272
2024-03-28T13:34:12.022000+00:00,BTCUSDT,71298.8,0.002,buy,2105213273
2024-03-28T13:34:12.022000+00:00,BTCUSDT,71299.0,0.078,buy,2105213274
2024-03-28T13:34:12.022000+00:00,BTCUSDT,71299.1,0.023,buy,2105213275
2024-03-28T13:34:12.022000+00:00,BTCUSDT,71299.2,0.002,buy,2105213276
2024-03-28T13:34:12.022000+00:00,BTCUSDT,71299.3,0.37,buy,2105213277
2024-03-28T13:34:12.022000+00:00,BTCUSDT,71299.5,0.016,buy,2105213278
2024-03-28T13:34:12.022000+00:00,BTCUSDT,71299.6,0.042,buy,2105213279
2024-03-28T13:34:12.022000+00:00,BTCUSDT,71299.7,0.01,buy,2105213280
2024-03-28T13:34:12.022000+00:00,BTCUSDT,71299.8,1.471,buy,2105213281
2024-03-28T13:34:12.022000+00:00,BTCUSDT,71299.9,0.021,buy,2105213282
2024-03-28T13:34:12.022000+00:00,BTCUSDT,71300.0,2.689,buy,2105213283
2024-03-28T13:34:12.022000+00:00,BTCUSDT,71300.2,0.96,buy,2105213284
2024-03-28T13:34:12.022000+00:00,BTCUSDT,71300.3,0.031,buy,2105213285
2024-03-28T13:34:12.022000+00:00,BTCUSDT,71300.6,0.007,buy,2105213286
2024-03-28T13:34:12.022000+00:00,BTCUSDT,71300.8,0.2,buy,2105213287
2024-03-28T13:34:12.022000+00:00,BTCUSDT,71300.9,0.752,buy,2105213288
2024-03-28T13:34:12.022000+00:00,BTCUSDT,71301.1,0.564,buy,2105213289
2024-03-28T13:34:12.022000+00:00,BTCUSDT,71301.2,0.031,buy,2105213290
2024-03-28T13:34:12.022000+00:00,BTCUSDT,71301.3,0.002,buy,2105213291
2024-03-28T13:34:12.022000+00:00,BTCUSDT,71301.4,0.004,buy,2105213292
2024-03-28T13:34:12.022000+00:00,BTCUSDT,71301.5,0.806,buy,2105213293
2024-03-28T13:34:12.022000+00:00,BTCUSDT,71301.7,0.866,buy,2105213294
2024-03-28T13:34:12.022000+00:00,BTCUSDT,71301.8,0.002,buy,2105213295
2024-03-28T13:34:12.022000+00:00,BTCUSDT,71301.9,0.008,buy,2105213296
2024-03-28T13:34:12.022000+00:00,BTCUSDT,71302.0,0.002,buy,2105213297
2024-03-28T13:34:12.022000+00:00,BTCUSDT,71302.2,0.792,buy,2105213298
2024-03-28T13:34:12.022000+00:00,BTCUSDT,71302.3,0.007,buy,2105213299
2024-03-28T13:34:12.022000+00:00,BTCUSDT,71302.4,0.031,buy,2105213300
2024-03-28T13:34:12.022000+00:00,BTCUSDT,71302.5,0.008,buy,2105213301
2024-03-28T13:34:12.022000+00:00,BTCUSDT,71302.8,0.053,buy,2105213302
2024-03-28T13:34:12.022000+00:00,BTCUSDT,71303.0,0.041,buy,2105213303
2024-03-28T13:34:12.022000+00:00,BTCUSDT,71303.2,0.1,buy,2105213304
2024-03-28T13:34:12.022000+00:00,BTCUSDT,71303.3,0.07,buy,2105213305
2024-03-28T13:34:12.022000+00:00,BTCUSDT,71303.4,0.006,buy,2105213306
2024-03-28T13:34:12.022000+00:00,BTCUSDT,71303.5,0.029,buy,2105213307
2024-03-28T13:34:12.022000+00:00,BTCUSDT,71303.6,0.099,buy,2105213308
2024-03-28T13:34:12.023000+00:00,BTCUSDT,71303.7,0.002,buy,2105213309
2024-03-28T13:34:12.023000+00:00,BTCUSDT,71303.9,0.892,buy,2105213310
2024-03-28T13:34:12.033000+00:00,BTCUSDT,71279.3,0.012,buy,2105213311
2024-03-28T13:34:12.048000+00:00,BTCUSDT,71276.6,0.017,sell,2105213312
2024-03-28T13:34:12.050000+00:00,BTCUSDT,71279.3,0.071,buy,2105213313
2024-03-28T13:34:12.072000+00:00,BTCUSDT,71279.2,0.191,sell,2105213314
2024-03-28T13:34:12.072000+00:00,BTCUSDT,71278.4,0.203,sell,2105213315
2024-03-28T13:34:12.072000+00:00,BTCUSDT,71278.0,0.106,sell,2105213316
2024-03-28T13:34:12.106000+00:00,BTCUSDT,71279.3,0.238,buy,2105213317
2024-03-28T13:34:12.106000+00:00,BTCUSDT,71280.9,0.004,buy,2105213318
2024-03-28T13:34:12.106000+00:00,BTCUSDT,71283.9,0.071,buy,2105213319
2024-03-28T13:34:12.131000+00:00,BTCUSDT,71284.8,0.15,buy,2105213320
2024-03-28T13:34:12.131000+00:00,BTCUSDT,71285.4,0.048,buy,2105213321
2024-03-28T13:34:12.131000+00:00,BTCUSDT,71286.0,0.055,buy,2105213322
2024-03-28T13:34:12.165000+00:00,BTCUSDT,71283.8,0.004,sell,2105213323
2024-03-28T13:34:12.165000+00:00,BTCUSDT,71283.4,0.002,sell,2105213324
2024-03-28T13:34:12.165000+00:00,BTCUSDT,71280.8,0.002,sell,2105213325
2024-03-28T13:34:12.165000+00:00,BTCUSDT,71280.4,0.014,sell,2105213326
2024-03-28T13:34:12.178000+00:00,BTCUSDT,71284.5,0.238,buy,2105213327
2024-03-28T13:34:12.187000+00:00,BTCUSDT,71284.0,0.176,sell,2105213328
2024-03-28T13:34:12.187000+00:00,BTCUSDT,71283.8,0.084,sell,2105213329
2024-03-28T13:34:12.194000+00:00,BTCUSDT,71285.9,0.002,sell,2105213330
2024-03-28T13:34:12.194000+00:00,BTCUSDT,71283.8,0.098,sell,2105213331
2024-03-28T13:34:12.199000+00:00,BTCUSDT,71286.0,0.004,buy,2105213332
2024-03-28T13:34:12.208000+00:00,BTCUSDT,71284.5,0.002,buy,2105213333
2024-03-28T13:34:12.211000+00:00,BTCUSDT,71283.8,0.004,sell,2105213334
2024-03-28T13:34:12.232000+00:00,BTCUSDT,71283.9,0.007,buy,2105213335
2024-03-28T13:34:12.233000+00:00,BTCUSDT,71283.8,0.005,sell,2105213336
2024-03-28T13:34:12.234000+00:00,BTCUSDT,71283.9,0.003,buy,2105213337
2024-03-28T13:34:12.239000+00:00,BTCUSDT,71283.8,0.292,sell,2105213338
2024-03-28T13:34:12.259000+00:00,BTCUSDT,71283.9,0.01,buy,2105213339
2024-03-28T13:34:12.311000+00:00,BTCUSDT,71283.8,0.002,sell,2105213340
2024-03-28T13:34:12.326000+00:00,BTCUSDT,71283.9,0.02,buy,2105213341
2024-03-28T13:34:12.348000+00:00,BTCUSDT,71283.8,0.253,sell,2105213342
2024-03-28T13:34:12.359000+00:00,BTCUSDT,71283.9,0.002,buy,2105213343
2024-03-28T13:34:12.373000+00:00,BTCUSDT,71283.8,0.327,sell,2105213344
2024-03-28T13:34:12.466000+00:00,BTCUSDT,71283.9,0.003,buy,2105213345
2024-03-28T13:34:12.479000+00:00,BTCUSDT,71283.8,0.03,sell,2105213346
2024-03-28T13:34:12.521000+00:00,BTCUSDT,71283.9,0.118,buy,2105213347
2024-03-28T13:34:12.559000+00:00,BTCUSDT,71284.2,0.067,buy,2105213348
2024-03-28T13:34:12.559000+00:00,BTCUSDT,71284.5,0.067,buy,2105213349
2024-03-28T13:34:12.559000+00:00,BTCUSDT,71284.8,0.026,buy,2105213350
2024-03-28T13:34:12.569000+00:00,BTCUSDT,71285.7,0.002,sell,2105213351
2024-03-28T13:34:12.577000+00:00,BTCUSDT,71285.8,0.039,buy,2105213352
2024-03-28T13:34:12.593000+00:00,BTCUSDT,71285.7,0.228,sell,2105213353
2024-03-28T13:34:12.667000+00:00,BTCUSDT,71285.5,0.002,sell,2105213354
2024-03-28T13:34:12.680000+00:00,BTCUSDT,71284.0,0.01,buy,2105213355
2024-03-28T13:34:12.680000+00:00,BTCUSDT,71284.1,0.187,buy,2105213356
2024-03-28T13:34:12.680000+00:00,BTCUSDT,71283.9,0.008,sell,2105213357
2024-03-28T13:34:12.685000+00:00,BTCUSDT,71284.0,0.002,sell,2105213358
2024-03-28T13:34:12.685000+00:00,BTCUSDT,71283.9,0.006,sell,2105213359
2024-03-28T13:34:12.685000+00:00,BTCUSDT,71283.8,0.02,sell,2105213360
2024-03-28T13:34:12.713000+00:00,BTCUSDT,71283.9,0.664,buy,2105213361
2024-03-28T13:34:12.746000+00:00,BTCUSDT,71283.8,0.007,sell,2105213362
2024-03-28T13:34:12.762000+00:00,BTCUSDT,71283.9,0.734,buy,2105213363
2024-03-28T13:34:12.827000+00:00,BTCUSDT,71283.8,0.109,sell,2105213364
2024-03-28T13:34:12.832000+00:00,BTCUSDT,71283.9,0.16,buy,2105213365
2024-03-28T13:34:12.915000+00:00,BTCUSDT,71283.8,0.035,sell,2105213366
2024-03-28T13:34:12.929000+00:00,BTCUSDT,71283.9,0.018,buy,2105213367
2024-03-28T13:34:12.930000+00:00,BTCUSDT,71283.8,0.68,sell,2105213368
2024-03-28T13:34:12.937000+00:00,BTCUSDT,71283.4,0.002,sell,2105213369
2024-03-28T13:34:12.937000+00:00,BTCUSDT,71282.0,0.017,sell,2105213370
2024-03-28T13:34:12.939000+00:00,BTCUSDT,71281.7,0.019,sell,2105213371
2024-03-28T13:34:12.948000+00:00,BTCUSDT,71281.6,0.384,sell,2105213372
2024-03-28T13:34:12.948000+00:00,BTCUSDT,71281.5,0.002,sell,2105213373
2024-03-28T13:34:12.948000+00:00,BTCUSDT,71280.6,0.448,sell,2105213374
2024-03-28T13:34:12.948000+00:00,BTCUSDT,71280.0,0.009,sell,2105213375
2024-03-28T13:34:12.948000+00:00,BTCUSDT,71279.3,0.013,sell,2105213376
2024-03-28T13:34:12.948000+00:00,BTCUSDT,71279.2,0.003,sell,2105213377
2024-03-28T13:34:12.948000+00:00,BTCUSDT,71278.4,0.191,sell,2105213378
2024-03-28T13:34:12.948000+00:00,BTCUSDT,71278.3,0.002,sell,2105213379
2024-03-28T13:34:12.948000+00:00,BTCUSDT,71278.0,0.004,sell,2105213380
2024-03-28T13:34:12.948000+00:00,BTCUSDT,71277.6,0.036,sell,2105213381
2024-03-28T13:34:12.948000+00:00,BTCUSDT,71277.5,0.233,sell,2105213382
2024-03-28T13:34:12.955000+00:00,BTCUSDT,71277.2,0.003,sell,2105213383
2024-03-28T13:34:12.955000+00:00,BTCUSDT,71276.9,0.01,sell,2105213384
2024-03-28T13:34:12.955000+00:00,BTCUSDT,71276.7,0.09,sell,2105213385
2024-03-28T13:34:13.032000+00:00,BTCUSDT,71276.8,0.002,buy,2105213386
2024-03-28T13:34:13.035000+00:00,BTCUSDT,71276.7,0.014,sell,2105213387
2024-03-28T13:34:13.038000+00:00,BTCUSDT,71276.8,0.011,buy,2105213388
2024-03-28T13:34:13.132000+00:00,BTCUSDT,71276.7,0.367,buy,2105213389
2024-03-28T13:34:13.218000+00:00,BTCUSDT,71276.6,0.032,sell,2105213390
2024-03-28T13:34:13.290000+00:00,BTCUSDT,71276.7,0.046,buy,2105213391
2024-03-28T13:34:13.307000+00:00,BTCUSDT,71276.6,0.089,sell,2105213392
2024-03-28T13:34:13.335000+00:00,BTCUSDT,71276.7,0.019,buy,2105213393
2024-03-28T13:34:13.392000+00:00,BTCUSDT,71276.6,0.234,sell,2105213394
2024-03-28T13:34:13.392000+00:00,BTCUSDT,71276.5,0.002,sell,2105213395
2024-03-28T13:34:13.392000+00:00,BTCUSDT,71276.1,0.036,sell,2105213396
2024-03-28T13:34:13.392000+00:00,BTCUSDT,71276.0,0.002,sell,2105213397
2024-03-28T13:34:13.392000+00:00,BTCUSDT,71275.8,0.006,sell,2105213398
2024-03-28T13:34:13.392000+00:00,BTCUSDT,71275.3,0.456,sell,2105213399
2024-03-28T13:34:13.392000+00:00,BTCUSDT,71275.2,0.002,sell,2105213400
2024-03-28T13:34:13.392000+00:00,BTCUSDT,71275.0,0.037,sell,2105213401
2024-03-28T13:34:13.392000+00:00,BTCUSDT,71274.9,0.042,sell,2105213402
2024-03-28T13:34:13.392000+00:00,BTCUSDT,71274.2,0.021,sell,2105213403
2024-03-28T13:34:13.392000+00:00,BTCUSDT,71274.0,0.004,sell,2105213404
2024-03-28T13:34:13.392000+00:00,BTCUSDT,71273.8,0.002,sell,2105213405
2024-03-28T13:34:13.392000+00:00,BTCUSDT,71273.7,0.104,sell,2105213406
2024-03-28T13:34:13.392000+00:00,BTCUSDT,71273.6,0.103,sell,2105213407
2024-03-28T13:34:13.392000+00:00,BTCUSDT,71273.5,0.042,sell,2105213408
2024-03-28T13:34:13.412000+00:00,BTCUSDT,71272.7,0.002,sell,2105213409
2024-03-28T13:34:13.412000+00:00,BTCUSDT,71272.3,0.002,sell,2105213410
2024-03-28T13:34:13.412000+00:00,BTCUSDT,71272.2,0.002,sell,2105213411
2024-03-28T13:34:13.412000+00:00,BTCUSDT,71272.0,0.002,sell,2105213412
2024-03-28T13:34:13.412000+00:00,BTCUSDT,71271.9,0.002,sell,2105213413
2024-03-28T13:34:13.412000+00:00,BTCUSDT,71271.3,0.009,sell,2105213414
2024-03-28T13:34:13.416000+00:00,BTCUSDT,71270.7,0.002,sell,2105213415
2024-03-28T13:34:13.416000+00:00,BTCUSDT,71270.6,0.098,sell,2105213416
2024-03-28T13:34:13.416000+00:00,BTCUSDT,71270.5,0.11,sell,2105213417
2024-03-28T13:34:13.417000+00:00,BTCUSDT,71270.4,0.002,sell,2105213418
2024-03-28T13:34:13.422000+00:00,BTCUSDT,71270.4,0.11,buy,2105213419
2024-03-28T13:34:13.423000+00:00,BTCUSDT,71270.3,0.013,sell,2105213420
2024-03-28T13:34:13.424000+00:00,BTCUSDT,71270.2,0.009,buy,2105213421
2024-03-28T13:34:13.444000+00:00,BTCUSDT,71270.0,0.112,sell,2105213422
2024-03-28T13:34:13.457000+00:00,BTCUSDT,71269.8,0.006,sell,2105213423
2024-03-28T13:34:13.466000+00:00,BTCUSDT,71269.9,0.783,buy,2105213424
2024-03-28T13:34:13.540000+00:00,BTCUSDT,71269.8,0.104,sell,2105213425
2024-03-28T13:34:13.540000+00:00,BTCUSDT,71269.6,0.002,sell,2105213426
2024-03-28T13:34:13.540000+00:00,BTCUSDT,71268.1,0.009,sell,2105213427
2024-03-28T13:34:13.540000+00:00,BTCUSDT,71268.0,0.01,sell,2105213428
2024-03-28T13:34:13.540000+00:00,BTCUSDT,71267.8,0.012,sell,2105213429
2024-03-28T13:34:13.540000+00:00,BTCUSDT,71267.7,0.002,sell,2105213430
2024-03-28T13:34:13.540000+00:00,BTCUSDT,71267.5,0.015,sell,2105213431
2024-03-28T13:34:13.540000+00:00,BTCUSDT,71266.9,0.002,sell,2105213432
2024-03-28T13:34:13.540000+00:00,BTCUSDT,71266.7,0.003,sell,2105213433
2024-03-28T13:34:13.540000+00:00,BTCUSDT,71266.5,0.233,sell,2105213434
2024-03-28T13:34:13.610000+00:00,BTCUSDT,71266.6,0.5,buy,2105213435
2024-03-28T13:34:13.613000+00:00,BTCUSDT,71266.5,0.173,sell,2105213436
2024-03-28T13:34:13.641000+00:00,BTCUSDT,71266.6,0.002,buy,2105213437
2024-03-28T13:34:13.694000+00:00,BTCUSDT,71266.5,0.383,sell,2105213438
2024-03-28T13:34:13.762000+00:00,BTCUSDT,71266.6,0.002,buy,2105213439
2024-03-28T13:34:13.774000+00:00,BTCUSDT,71266.5,0.092,sell,2105213440
2024-03-28T13:34:13.854000+00:00,BTCUSDT,71266.6,0.152,buy,2105213441
2024-03-28T13:34:13.855000+00:00,BTCUSDT,71266.7,0.002,buy,2105213442
2024-03-28T13:34:13.855000+00:00,BTCUSDT,71269.9,0.154,buy,2105213443
2024-03-28T13:34:13.866000+00:00,BTCUSDT,71270.0,0.059,buy,2105213444
2024-03-28T13:34:13.866000+00:00,BTCUSDT,71270.5,0.009,buy,2105213445
2024-03-28T13:34:13.866000+00:00,BTCUSDT,71270.6,0.106,buy,2105213446
2024-03-28T13:34:13.866000+00:00,BTCUSDT,71271.3,0.071,buy,2105213447
2024-03-28T13:34:13.866000+00:00,BTCUSDT,71272.7,0.002,buy,2105213448
2024-03-28T13:34:13.866000+00:00,BTCUSDT,71272.8,0.255,buy,2105213449
2024-03-28T13:34:13.895000+00:00,BTCUSDT,71273.6,0.192,sell,2105213450
2024-03-28T13:34:13.896000+00:00,BTCUSDT,71273.7,0.003,buy,2105213451
2024-03-28T13:34:13.935000+00:00,BTCUSDT,71274.2,0.375,buy,2105213452
2024-03-28T13:34:13.935000+00:00,BTCUSDT,71274.3,0.013,buy,2105213453
2024-03-28T13:34:13.935000+00:00,BTCUSDT,71275.0,0.004,buy,2105213454
2024-03-28T13:34:13.935000+00:00,BTCUSDT,71275.1,0.003,buy,2105213455
2024-03-28T13:34:13.935000+00:00,BTCUSDT,71275.2,0.002,buy,2105213456
2024-03-28T13:34:13.935000+00:00,BTCUSDT,71275.5,0.045,buy,2105213457
2024-03-28T13:34:13.935000+00:00,BTCUSDT,71276.1,0.002,buy,2105213458
2024-03-28T13:34:13.935000+00:00,BTCUSDT,71276.7,0.159,buy,2105213459
2024-03-28T13:34:13.935000+00:00,BTCUSDT,71278.0,0.002,buy,2105213460
2024-03-28T13:34:13.935000+00:00,BTCUSDT,71278.2,0.002,buy,2105213461
2024-03-28T13:34:13.935000+00:00,BTCUSDT,71278.8,0.084,buy,2105213462
2024-03-28T13:34:13.935000+00:00,BTCUSDT,71279.1,0.009,buy,2105213463
2024-03-28T13:34:13.935000+00:00,BTCUSDT,71280.0,0.002,buy,2105213464
2024-03-28T13:34:13.935000+00:00,BTCUSDT,71280.1,0.004,buy,2105213465
2024-03-28T13:34:13.935000+00:00,BTCUSDT,71280.3,0.002,buy,2105213466
2024-03-28T13:34:13.935000+00:00,BTCUSDT,71280.9,0.004,buy,2105213467
2024-03-28T13:34:13.935000+00:00,BTCUSDT,71281.0,0.01,buy,2105213468
2024-03-28T13:34:13.935000+00:00,BTCUSDT,71281.5,0.002,buy,2105213469
2024-03-28T13:34:13.935000+00:00,BTCUSDT,71281.6,0.047,buy,2105213470
2024-03-28T13:34:13.950000+00:00,BTCUSDT,71281.5,0.024,sell,2105213471
2024-03-28T13:34:13.971000+00:00,BTCUSDT,71281.6,0.007,buy,2105213472
2024-03-28T13:34:13.971000+00:00,BTCUSDT,71281.5,0.211,sell,2105213473
2024-03-28T13:34:14.003000+00:00,BTCUSDT,71281.3,0.038,buy,2105213474
2024-03-28T13:34:14.005000+00:00,BTCUSDT,71281.2,0.13,sell,2105213475
2024-03-28T13:34:14.025000+00:00,BTCUSDT,71281.3,0.005,buy,2105213476
2024-03-28T13:34:14.025000+00:00,BTCUSDT,71281.2,0.01,sell,2105213477
2024-03-28T13:34:14.025000+00:00,BTCUSDT,71281.3,1.328,buy,2105213478
2024-03-28T13:34:14.025000+00:00,BTCUSDT,71281.2,0.042,sell,2105213479
2024-03-28T13:34:14.025000+00:00,BTCUSDT,71281.3,0.288,buy,2105213480
2024-03-28T13:34:14.025000+00:00,BTCUSDT,71281.4,0.801,buy,2105213481
2024-03-28T13:34:14.025000+00:00,BTCUSDT,71281.5,0.351,buy,2105213482
2024-03-28T13:34:14.025000+00:00,BTCUSDT,71281.2,0.007,sell,2105213483
2024-03-28T13:34:14.025000+00:00,BTCUSDT,71281.5,0.002,buy,2105213484
2024-03-28T13:34:14.038000+00:00,BTCUSDT,71281.4,0.127,sell,2105213485
2024-03-28T13:34:14.038000+00:00,BTCUSDT,71281.5,0.007,buy,2105213486
2024-03-28T13:34:14.063000+00:00,BTCUSDT,71281.4,0.074,sell,2105213487
2024-03-28T13:34:14.070000+00:00,BTCUSDT,71281.5,0.008,buy,2105213488
2024-03-28T13:34:14.090000+00:00,BTCUSDT,71281.4,0.018,sell,2105213489
2024-03-28T13:34:14.098000+00:00,BTCUSDT,71281.5,0.012,buy,2105213490
2024-03-28T13:34:14.126000+00:00,BTCUSDT,71281.4,0.155,sell,2105213491
2024-03-28T13:34:14.199000+00:00,BTCUSDT,71281.5,0.018,buy,2105213492
2024-03-28T13:34:14.222000+00:00,BTCUSDT,71281.4,0.044,sell,2105213493
2024-03-28T13:34:14.258000+00:00,BTCUSDT,71281.5,0.085,buy,2105213494
2024-03-28T13:34:14.327000+00:00,BTCUSDT,71281.4,0.203,sell,2105213495
2024-03-28T13:34:14.384000+00:00,BTCUSDT,71281.5,0.108,buy,2105213496
2024-03-28T13:34:14.414000+00:00,BTCUSDT,71281.4,0.016,sell,2105213497
2024-03-28T13:34:14.420000+00:00,BTCUSDT,71281.3,0.002,sell,2105213498
2024-03-28T13:34:14.420000+00:00,BTCUSDT,71280.0,0.216,sell,2105213499
2024-03-28T13:34:14.449000+00:00,BTCUSDT,71279.3,0.004,sell,2105213500
2024-03-28T13:34:14.449000+00:00,BTCUSDT,71277.6,0.002,sell,2105213501
2024-03-28T13:34:14.449000+00:00,BTCUSDT,71276.1,0.004,sell,2105213502
2024-03-28T13:34:14.449000+00:00,BTCUSDT,71275.7,0.002,sell,2105213503
2024-03-28T13:34:14.449000+00:00,BTCUSDT,71275.2,0.002,sell,2105213504
2024-03-28T13:34:14.459000+00:00,BTCUSDT,71274.2,0.009,sell,2105213505
2024-03-28T13:34:14.459000+00:00,BTCUSDT,71274.1,0.005,sell,2105213506
2024-03-28T13:34:14.485000+00:00,BTCUSDT,71274.2,0.032,buy,2105213507
2024-03-28T13:34:14.499000+00:00,BTCUSDT,71274.1,0.018,sell,2105213508
2024-03-28T13:34:14.558000+00:00,BTCUSDT,71274.2,0.869,buy,2105213509
2024-03-28T13:34:14.585000+00:00,BTCUSDT,71274.1,0.422,sell,2105213510
2024-03-28T13:34:14.586000+00:00,BTCUSDT,71274.2,0.016,buy,2105213511
2024-03-28T13:34:14.611000+00:00,BTCUSDT,71274.1,0.028,sell,2105213512
2024-03-28T13:34:14.622000+00:00,BTCUSDT,71274.2,1.325,buy,2105213513
2024-03-28T13:34:14.700000+00:00,BTCUSDT,71274.1,0.029,sell,2105213514
2024-03-28T13:34:14.740000+00:00,BTCUSDT,71274.2,0.143,buy,2105213515
2024-03-28T13:34:14.763000+00:00,BTCUSDT,71274.1,0.111,sell,2105213516
2024-03-28T13:34:14.841000+00:00,BTCUSDT,71274.0,0.002,sell,2105213517
2024-03-28T13:34:14.841000+00:00,BTCUSDT,71273.3,0.002,sell,2105213518
2024-03-28T13:34:14.841000+00:00,BTCUSDT,71272.7,0.002,sell,2105213519
2024-03-28T13:34:14.848000+00:00,BTCUSDT,71272.0,0.002,sell,2105213520
2024-03-28T13:34:14.848000+00:00,BTCUSDT,71271.9,0.004,sell,2105213521
2024-03-28T13:34:14.848000+00:00,BTCUSDT,71271.7,0.002,sell,2105213522
2024-03-28T13:34:14.848000+00:00,BTCUSDT,71270.9,0.043,sell,2105213523
2024-03-28T13:34:14.929000+00:00,BTCUSDT,71271.0,0.072,buy,2105213524
2024-03-28T13:34:14.932000+00:00,BTCUSDT,71270.9,0.008,sell,2105213525
2024-03-28T13:34:15.019000+00:00,BTCUSDT,71271.0,0.345,buy,2105213526
2024-03-28T13:34:15.168000+00:00,BTCUSDT,71270.9,0.004,sell,2105213527
2024-03-28T13:34:15.178000+00:00,BTCUSDT,71271.0,0.014,buy,2105213528
2024-03-28T13:34:15.189000+00:00,BTCUSDT,71270.9,0.029,sell,2105213529
2024-03-28T13:34:15.189000+00:00,BTCUSDT,71270.8,0.002,sell,2105213530
2024-03-28T13:34:15.189000+00:00,BTCUSDT,71270.0,0.002,sell,2105213531
2024-03-28T13:34:15.189000+00:00,BTCUSDT,71268.1,0.002,sell,2105213532
2024-03-28T13:34:15.191000+00:00,BTCUSDT,71268.0,0.055,sell,2105213533
2024-03-28T13:34:15.191000+00:00,BTCUSDT,71267.8,0.004,sell,2105213534
2024-03-28T13:34:15.191000+00:00,BTCUSDT,71267.7,0.002,sell,2105213535
2024-03-28T13:34:15.191000+00:00,BTCUSDT,71267.5,0.005,sell,2105213536
2024-03-28T13:34:15.191000+00:00,BTCUSDT,71267.1,0.007,sell,2105213537
2024-03-28T13:34:15.191000+00:00,BTCUSDT,71266.4,0.002,sell,2105213538
2024-03-28T13:34:15.191000+00:00,BTCUSDT,71266.2,0.006,sell,2105213539
2024-03-28T13:34:15.191000+00:00,BTCUSDT,71266.1,0.032,sell,2105213540
2024-03-28T13:34:15.191000+00:00,BTCUSDT,71266.0,0.754,sell,2105213541
2024-03-28T13:34:15.191000+00:00,BTCUSDT,71265.9,0.564,sell,2105213542
2024-03-28T13:34:15.191000+00:00,BTCUSDT,71265.6,0.387,sell,2105213543
2024-03-28T13:34:15.195000+00:00,BTCUSDT,71265.3,0.011,sell,2105213544
2024-03-28T13:34:15.195000+00:00,BTCUSDT,71265.0,0.017,sell,2105213545
2024-03-28T13:34:15.201000+00:00,BTCUSDT,71264.3,0.002,sell,2105213546
2024-03-28T13:34:15.201000+00:00,BTCUSDT,71264.0,0.08,sell,2105213547
2024-03-28T13:34:15.213000+00:00,BTCUSDT,71263.7,0.009,sell,2105213548
2024-03-28T13:34:15.213000+00:00,BTCUSDT,71263.5,0.002,sell,2105213549
2024-03-28T13:34:15.213000+00:00,BTCUSDT,71263.0,0.002,sell,2105213550
2024-03-28T13:34:15.213000+00:00,BTCUSDT,71262.9,0.176,sell,2105213551
2024-03-28T13:34:15.213000+00:00,BTCUSDT,71262.7,0.034,sell,2105213552
2024-03-28T13:34:15.214000+00:00,BTCUSDT,71262.4,0.003,sell,2105213553
2024-03-28T13:34:15.214000+00:00,BTCUSDT,71262.0,0.004,sell,2105213554
2024-03-28T13:34:15.214000+00:00,BTCUSDT,71261.9,0.036,sell,2105213555
2024-03-28T13:34:15.214000+00:00,BTCUSDT,71261.5,0.238,sell,2105213556
2024-03-28T13:34:15.214000+00:00,BTCUSDT,71261.4,0.429,sell,2105213557
2024-03-28T13:34:15.232000+00:00,BTCUSDT,71261.3,0.038,sell,2105213558
2024-03-28T13:34:15.236000+00:00,BTCUSDT,71261.2,5.296,sell,2105213559
2024-03-28T13:34:15.240000+00:00,BTCUSDT,71260.9,0.364,sell,2105213560
2024-03-28T13:34:15.242000+00:00,BTCUSDT,71260.7,0.008,sell,2105213561
2024-03-28T13:34:15.261000+00:00,BTCUSDT,71260.0,0.054,sell,2105213562
2024-03-28T13:34:15.289000+00:00,BTCUSDT,71260.1,0.114,buy,2105213563
2024-03-28T13:34:15.318000+00:00,BTCUSDT,71260.0,0.041,sell,2105213564
2024-03-28T13:34:15.378000+00:00,BTCUSDT,71260.1,0.021,buy,2105213565
2024-03-28T13:34:15.399000+00:00,BTCUSDT,71260.0,0.313,sell,2105213566
2024-03-28T13:34:15.399000+00:00,BTCUSDT,71259.4,0.016,sell,2105213567
2024-03-28T13:34:15.399000+00:00,BTCUSDT,71259.2,0.002,sell,2105213568
2024-03-28T13:34:15.399000+00:00,BTCUSDT,71258.2,0.233,sell,2105213569
2024-03-28T13:34:15.399000+00:00,BTCUSDT,71258.0,0.502,sell,2105213570
2024-03-28T13:34:15.399000+00:00,BTCUSDT,71257.2,0.05,sell,2105213571
2024-03-28T13:34:15.399000+00:00,BTCUSDT,71256.2,0.406,sell,2105213572
2024-03-28T13:34:15.399000+00:00,BTCUSDT,71256.1,0.41,sell,2105213573
2024-03-28T13:34:15.399000+00:00,BTCUSDT,71256.0,0.012,sell,2105213574
2024-03-28T13:34:15.399000+00:00,BTCUSDT,71255.7,0.414,sell,2105213575
2024-03-28T13:34:15.399000+00:00,BTCUSDT,71255.6,0.087,sell,2105213576
2024-03-28T13:34:15.400000+00:00,BTCUSDT,71255.7,0.014,buy,2105213577
2024-03-28T13:34:15.401000+00:00,BTCUSDT,71255.6,0.005,sell,2105213578
2024-03-28T13:34:15.404000+00:00,BTCUSDT,71255.7,1.512,buy,2105213579
2024-03-28T13:34:15.408000+00:00,BTCUSDT,71255.6,2.643,sell,2105213580
2024-03-28T13:34:15.408000+00:00,BTCUSDT,71255.3,0.002,sell,2105213581
2024-03-28T13:34:15.408000+00:00,BTCUSDT,71255.0,0.014,sell,2105213582
2024-03-28T13:34:15.408000+00:00,BTCUSDT,71254.8,0.002,sell,2105213583
2024-03-28T13:34:15.408000+00:00,BTCUSDT,71254.5,0.002,sell,2105213584
2024-03-28T13:34:15.408000+00:00,BTCUSDT,71254.4,0.004,sell,2105213585
2024-03-28T13:34:15.408000+00:00,BTCUSDT,71254.2,0.002,sell,2105213586
2024-03-28T13:34:15.408000+00:00,BTCUSDT,71254.0,0.012,sell,2105213587
2024-03-28T13:34:15.408000+00:00,BTCUSDT,71253.8,0.009,sell,2105213588
2024-03-28T13:34:15.408000+00:00,BTCUSDT,71253.6,0.022,sell,2105213589
2024-03-28T13:34:15.408000+00:00,BTCUSDT,71253.5,0.017,sell,2105213590
2024-03-28T13:34:15.408000+00:00,BTCUSDT,71253.4,0.02,sell,2105213591
2024-03-28T13:34:15.408000+00:00,BTCUSDT,71253.1,0.005,sell,2105213592
2024-03-28T13:34:15.408000+00:00,BTCUSDT,71253.0,0.012,sell,2105213593
2024-03-28T13:34:15.408000+00:00,BTCUSDT,71252.3,0.002,sell,2105213594
2024-03-28T13:34:15.408000+00:00,BTCUSDT,71252.1,0.088,sell,2105213595
2024-03-28T13:34:15.408000+00:00,BTCUSDT,71252.0,0.016,sell,2105213596
2024-03-28T13:34:15.408000+00:00,BTCUSDT,71251.9,0.396,sell,2105213597
2024-03-28T13:34:15.408000+00:00,BTCUSDT,71251.7,0.002,sell,2105213598
2024-03-28T13:34:15.408000+00:00,BTCUSDT,71251.3,0.002,sell,2105213599
2024-03-28T13:34:15.408000+00:00,BTCUSDT,71251.0,0.01,sell,2105213600
2024-03-28T13:34:15.408000+00:00,BTCUSDT,71250.9,0.002,sell,2105213601
2024-03-28T13:34:15.408000+00:00,BTCUSDT,71250.8,0.012,sell,2105213602
2024-03-28T13:34:15.408000+00:00,BTCUSDT,71250.4,0.012,sell,2105213603
2024-03-28T13:34:15.408000+00:00,BTCUSDT,71250.0,0.093,sell,2105213604
2024-03-28T13:34:15.408000+00:00,BTCUSDT,71249.9,0.002,sell,2105213605
2024-03-28T13:34:15.408000+00:00,BTCUSDT,71249.5,0.002,sell,2105213606
2024-03-28T13:34:15.408000+00:00,BTCUSDT,71249.4,0.002,sell,2105213607
2024-03-28T13:34:15.408000+00:00,BTCUSDT,71249.3,0.695,sell,2105213608
2024-03-28T13:34:15.408000+00:00,BTCUSDT,71249.2,0.541,sell,2105213609
2024-03-28T13:34:15.450000+00:00,BTCUSDT,71249.3,0.004,buy,2105213610
2024-03-28T13:34:15.457000+00:00,BTCUSDT,71249.4,0.2,buy,2105213611
2024-03-28T13:34:15.457000+00:00,BTCUSDT,71249.9,0.011,buy,2105213612
2024-03-28T13:34:15.511000+00:00,BTCUSDT,71250.9,0.018,buy,2105213613
2024-03-28T13:34:15.524000+00:00,BTCUSDT,71250.8,0.069,sell,2105213614
2024-03-28T13:34:15.605000+00:00,BTCUSDT,71250.9,0.062,buy,2105213615
2024-03-28T13:34:15.625000+00:00,BTCUSDT,71250.8,0.018,sell,2105213616
2024-03-28T13:34:15.663000+00:00,BTCUSDT,71250.9,0.006,buy,2105213617
2024-03-28T13:34:15.673000+00:00,BTCUSDT,71250.8,0.011,sell,2105213618
2024-03-28T13:34:15.729000+00:00,BTCUSDT,71250.9,0.139,buy,2105213619
2024-03-28T13:34:15.801000+00:00,BTCUSDT,71250.8,0.282,sell,2105213620
2024-03-28T13:34:15.913000+00:00,BTCUSDT,71250.9,0.299,buy,2105213621
2024-03-28T13:34:15.945000+00:00,BTCUSDT,71250.8,0.001,sell,2105213622
2024-03-28T13:34:15.959000+00:00,BTCUSDT,71250.9,0.027,buy,2105213623
2024-03-28T13:34:16.001000+00:00,BTCUSDT,71250.8,0.007,sell,2105213624
2024-03-28T13:34:16.068000+00:00,BTCUSDT,71250.9,0.025,buy,2105213625
2024-03-28T13:34:16.141000+00:00,BTCUSDT,71250.8,0.098,sell,2105213626
2024-03-28T13:34:16.200000+00:00,BTCUSDT,71250.9,0.099,buy,2105213627
2024-03-28T13:34:16.219000+00:00,BTCUSDT,71250.8,0.181,sell,2105213628
2024-03-28T13:34:16.270000+00:00,BTCUSDT,71250.9,0.008,buy,2105213629
2024-03-28T13:34:16.291000+00:00,BTCUSDT,71250.8,0.273,sell,2105213630
2024-03-28T13:34:16.397000+00:00,BTCUSDT,71250.8,0.003,sell,2105213631
2024-03-28T13:34:16.427000+00:00,BTCUSDT,71250.9,0.151,buy,2105213632
2024-03-28T13:34:16.485000+00:00,BTCUSDT,71250.8,0.157,sell,2105213633
2024-03-28T13:34:16.524000+00:00,BTCUSDT,71250.9,0.068,buy,2105213634
2024-03-28T13:34:16.539000+00:00,BTCUSDT,71250.8,0.321,sell,2105213635
2024-03-28T13:34:16.585000+00:00,BTCUSDT,71250.7,0.004,sell,2105213636
2024-03-28T13:34:16.585000+00:00,BTCUSDT,71250.1,0.006,sell,2105213637
2024-03-28T13:34:16.585000+00:00,BTCUSDT,71250.0,0.012,sell,2105213638
2024-03-28T13:34:16.585000+00:00,BTCUSDT,71249.4,0.002,sell,2105213639
2024-03-28T13:34:16.585000+00:00,BTCUSDT,71249.0,0.013,sell,2105213640
2024-03-28T13:34:16.585000+00:00,BTCUSDT,71248.7,0.002,sell,2105213641
2024-03-28T13:34:16.585000+00:00,BTCUSDT,71248.5,0.005,sell,2105213642
2024-03-28T13:34:16.585000+00:00,BTCUSDT,71248.4,0.004,sell,2105213643
2024-03-28T13:34:16.585000+00:00,BTCUSDT,71248.3,0.002,sell,2105213644
2024-03-28T13:34:16.585000+00:00,BTCUSDT,71248.0,0.014,sell,2105213645
2024-03-28T13:34:16.585000+00:00,BTCUSDT,71247.5,0.024,sell,2105213646
2024-03-28T13:34:16.585000+00:00,BTCUSDT,71247.2,0.058,sell,2105213647
2024-03-28T13:34:16.585000+00:00,BTCUSDT,71247.1,0.017,sell,2105213648
2024-03-28T13:34:16.585000+00:00,BTCUSDT,71247.0,0.01,sell,2105213649
2024-03-28T13:34:16.585000+00:00,BTCUSDT,71246.8,0.003,sell,2105213650
2024-03-28T13:34:16.585000+00:00,BTCUSDT,71246.7,0.059,sell,2105213651
2024-03-28T13:34:16.585000+00:00,BTCUSDT,71246.4,0.017,sell,2105213652
2024-03-28T13:34:16.585000+00:00,BTCUSDT,71246.1,0.011,sell,2105213653
2024-03-28T13:34:16.585000+00:00,BTCUSDT,71246.0,0.014,sell,2105213654
2024-03-28T13:34:16.585000+00:00,BTCUSDT,71245.9,0.094,sell,2105213655
2024-03-28T13:34:16.599000+00:00,BTCUSDT,71246.0,0.002,buy,2105213656
2024-03-28T13:34:16.627000+00:00,BTCUSDT,71245.9,0.088,sell,2105213657
2024-03-28T13:34:16.656000+00:00,BTCUSDT,71246.0,0.6,buy,2105213658
2024-03-28T13:34:16.672000+00:00,BTCUSDT,71245.9,0.057,sell,2105213659
2024-03-28T13:34:16.672000+00:00,BTCUSDT,71245.8,0.002,sell,2105213660
2024-03-28T13:34:16.672000+00:00,BTCUSDT,71245.5,0.077,sell,2105213661
2024-03-28T13:34:16.672000+00:00,BTCUSDT,71245.4,0.008,sell,2105213662
2024-03-28T13:34:16.672000+00:00,BTCUSDT,71245.0,0.01,sell,2105213663
2024-03-28T13:34:16.675000+00:00,BTCUSDT,71244.9,0.5,sell,2105213664
2024-03-28T13:34:16.675000+00:00,BTCUSDT,71244.1,0.1,sell,2105213665
2024-03-28T13:34:16.676000+00:00,BTCUSDT,71244.0,0.012,sell,2105213666
2024-03-28T13:34:16.676000+00:00,BTCUSDT,71243.9,0.002,sell,2105213667
2024-03-28T13:34:16.709000+00:00,BTCUSDT,71243.6,0.016,buy,2105213668
2024-03-28T13:34:16.715000+00:00,BTCUSDT,71243.5,0.005,sell,2105213669
2024-03-28T13:34:16.755000+00:00,BTCUSDT,71243.6,0.002,buy,2105213670
2024-03-28T13:34:16.758000+00:00,BTCUSDT,71243.5,0.002,sell,2105213671
2024-03-28T13:34:16.773000+00:00,BTCUSDT,71243.6,0.007,buy,2105213672
2024-03-28T13:34:16.794000+00:00,BTCUSDT,71243.4,0.002,sell,2105213673
2024-03-28T13:34:16.794000+00:00,BTCUSDT,71242.5,0.002,sell,2105213674
2024-03-28T13:34:16.794000+00:00,BTCUSDT,71242.0,0.012,sell,2105213675
2024-03-28T13:34:16.794000+00:00,BTCUSDT,71241.9,0.002,sell,2105213676
2024-03-28T13:34:16.794000+00:00,BTCUSDT,71241.5,0.003,sell,2105213677
2024-03-28T13:34:16.796000+00:00,BTCUSDT,71241.4,0.002,sell,2105213678
2024-03-28T13:34:16.796000+00:00,BTCUSDT,71241.0,0.017,sell,2105213679
2024-03-28T13:34:16.796000+00:00,BTCUSDT,71240.7,0.002,sell,2105213680
2024-03-28T13:34:16.796000+00:00,BTCUSDT,71240.4,0.002,sell,2105213681
2024-03-28T13:34:16.796000+00:00,BTCUSDT,71240.3,0.314,sell,2105213682
2024-03-28T13:34:16.796000+00:00,BTCUSDT,71240.1,0.094,sell,2105213683
2024-03-28T13:34:16.796000+00:00,BTCUSDT,71240.0,0.026,sell,2105213684
2024-03-28T13:34:16.796000+00:00,BTCUSDT,71239.7,0.004,sell,2105213685
2024-03-28T13:34:16.796000+00:00,BTCUSDT,71239.6,0.017,sell,2105213686
2024-03-28T13:34:16.796000+00:00,BTCUSDT,71239.3,0.021,sell,2105213687
2024-03-28T13:34:16.796000+00:00,BTCUSDT,71239.1,0.002,sell,2105213688
2024-03-28T13:34:16.796000+00:00,BTCUSDT,71239.0,0.923,sell,2105213689
2024-03-28T13:34:16.821000+00:00,BTCUSDT,71238.9,1.47,buy,2105213690
2024-03-28T13:34:16.856000+00:00,BTCUSDT,71238.8,0.007,sell,2105213691
2024-03-28T13:34:16.887000+00:00,BTCUSDT,71238.9,0.047,buy,2105213692
2024-03-28T13:34:16.982000+00:00,BTCUSDT,71238.8,0.002,sell,2105213693
2024-03-28T13:34:16.996000+00:00,BTCUSDT,71238.9,1.758,buy,2105213694
2024-03-28T13:34:17.087000+00:00,BTCUSDT,71239.6,0.006,buy,2105213695
2024-03-28T13:34:17.088000+00:00,BTCUSDT,71240.5,0.16,buy,2105213696
2024-03-28T13:34:17.088000+00:00,BTCUSDT,71240.6,0.002,buy,2105213697
2024-03-28T13:34:17.088000+00:00,BTCUSDT,71241.5,0.002,buy,2105213698
2024-03-28T13:34:17.088000+00:00,BTCUSDT,71242.4,0.002,buy,2105213699
2024-03-28T13:34:17.088000+00:00,BTCUSDT,71242.6,0.1,buy,2105213700
2024-03-28T13:34:17.088000+00:00,BTCUSDT,71242.8,0.002,buy,2105213701
2024-03-28T13:34:17.088000+00:00,BTCUSDT,71243.1,0.006,buy,2105213702
2024-03-28T13:34:17.088000+00:00,BTCUSDT,71243.6,0.16,buy,2105213703
2024-03-28T13:34:17.092000+00:00,BTCUSDT,71243.5,0.006,sell,2105213704
2024-03-28T13:34:17.094000+00:00,BTCUSDT,71243.6,1.378,buy,2105213705
2024-03-28T13:34:17.117000+00:00,BTCUSDT,71244.1,0.003,buy,2105213706
2024-03-28T13:34:17.117000+00:00,BTCUSDT,71244.9,0.069,buy,2105213707
2024-03-28T13:34:17.117000+00:00,BTCUSDT,71245.0,0.012,buy,2105213708
2024-03-28T13:34:17.117000+00:00,BTCUSDT,71247.2,0.002,buy,2105213709
2024-03-28T13:34:17.117000+00:00,BTCUSDT,71247.5,0.003,buy,2105213710
2024-03-28T13:34:17.117000+00:00,BTCUSDT,71248.9,0.002,buy,2105213711
2024-03-28T13:34:17.117000+00:00,BTCUSDT,71249.7,0.167,buy,2105213712
2024-03-28T13:34:17.117000+00:00,BTCUSDT,71249.9,0.002,buy,2105213713
2024-03-28T13:34:17.117000+00:00,BTCUSDT,71250.0,0.122,buy,2105213714
2024-03-28T13:34:17.117000+00:00,BTCUSDT,71250.7,0.003,buy,2105213715
2024-03-28T13:34:17.117000+00:00,BTCUSDT,71250.8,0.15,buy,2105213716
2024-03-28T13:34:17.117000+00:00,BTCUSDT,71250.9,0.097,buy,2105213717
2024-03-28T13:34:17.120000+00:00,BTCUSDT,71250.8,0.161,sell,2105213718
2024-03-28T13:34:17.168000+00:00,BTCUSDT,71250.9,0.161,buy,2105213719
2024-03-28T13:34:17.184000+00:00,BTCUSDT,71250.8,0.739,sell,2105213720
2024-03-28T13:34:17.292000+00:00,BTCUSDT,71250.9,0.028,buy,2105213721
2024-03-28T13:34:17.304000+00:00,BTCUSDT,71250.8,0.096,sell,2105213722
2024-03-28T13:34:17.309000+00:00,BTCUSDT,71250.9,0.065,buy,2105213723
2024-03-28T13:34:17.317000+00:00,BTCUSDT,71250.8,0.09,sell,2105213724
2024-03-28T13:34:17.331000+00:00,BTCUSDT,71250.9,0.007,buy,2105213725
2024-03-28T13:34:17.344000+00:00,BTCUSDT,71250.8,0.091,sell,2105213726
2024-03-28T13:34:17.349000+00:00,BTCUSDT,71250.9,0.021,buy,2105213727
2024-03-28T13:34:17.352000+00:00,BTCUSDT,71250.8,1.026,sell,2105213728
2024-03-28T13:34:17.369000+00:00,BTCUSDT,71250.9,1.429,buy,2105213729
2024-03-28T13:34:17.369000+00:00,BTCUSDT,71251.2,0.085,buy,2105213730
2024-03-28T13:34:17.369000+00:00,BTCUSDT,71251.3,0.669,buy,2105213731
2024-03-28T13:34:17.369000+00:00,BTCUSDT,71251.6,0.028,buy,2105213732
2024-03-28T13:34:17.369000+00:00,BTCUSDT,71251.8,0.002,buy,2105213733
2024-03-28T13:34:17.369000+00:00,BTCUSDT,71252.0,0.149,buy,2105213734
2024-03-28T13:34:17.369000+00:00,BTCUSDT,71253.0,0.002,buy,2105213735
2024-03-28T13:34:17.369000+00:00,BTCUSDT,71253.2,0.028,buy,2105213736
2024-03-28T13:34:17.369000+00:00,BTCUSDT,71254.0,0.149,buy,2105213737
2024-03-28T13:34:17.369000+00:00,BTCUSDT,71254.1,0.054,buy,2105213738
2024-03-28T13:34:17.369000+00:00,BTCUSDT,71254.7,0.067,buy,2105213739
2024-03-28T13:34:17.369000+00:00,BTCUSDT,71254.8,0.03,buy,2105213740
2024-03-28T13:34:17.369000+00:00,BTCUSDT,71255.1,0.522,buy,2105213741
2024-03-28T13:34:17.369000+00:00,BTCUSDT,71255.6,0.176,buy,2105213742
2024-03-28T13:34:17.369000+00:00,BTCUSDT,71255.7,0.15,buy,2105213743
2024-03-28T13:34:17.369000+00:00,BTCUSDT,71256.0,0.149,buy,2105213744
2024-03-28T13:34:17.369000+00:00,BTCUSDT,71256.3,0.003,buy,2105213745
2024-03-28T13:34:17.369000+00:00,BTCUSDT,71256.4,0.028,buy,2105213746
2024-03-28T13:34:17.369000+00:00,BTCUSDT,71256.5,0.016,buy,2105213747
2024-03-28T13:34:17.369000+00:00,BTCUSDT,71256.7,0.002,buy,2105213748
2024-03-28T13:34:17.369000+00:00,BTCUSDT,71257.1,0.02,buy,2105213749
2024-03-28T13:34:17.369000+00:00,BTCUSDT,71257.2,0.002,buy,2105213750
2024-03-28T13:34:17.369000+00:00,BTCUSDT,71258.0,0.002,buy,2105213751
2024-03-28T13:34:17.369000+00:00,BTCUSDT,71258.6,0.002,buy,2105213752
2024-03-28T13:34:17.369000+00:00,BTCUSDT,71258.7,0.019,buy,2105213753
2024-03-28T13:34:17.369000+00:00,BTCUSDT,71259.1,0.002,buy,2105213754
2024-03-28T13:34:17.369000+00:00,BTCUSDT,71259.2,0.072,buy,2105213755
2024-03-28T13:34:17.369000+00:00,BTCUSDT,71259.3,0.002,buy,2105213756
2024-03-28T13:34:17.369000+00:00,BTCUSDT,71259.7,0.01,buy,2105213757
2024-03-28T13:34:17.369000+00:00,BTCUSDT,71259.9,0.01,buy,2105213758
2024-03-28T13:34:17.369000+00:00,BTCUSDT,71260.0,0.01,buy,2105213759
2024-03-28T13:34:17.369000+00:00,BTCUSDT,71260.1,0.1,buy,2105213760
2024-03-28T13:34:17.369000+00:00,BTCUSDT,71260.5,0.056,buy,2105213761
2024-03-28T13:34:17.369000+00:00,BTCUSDT,71260.6,0.965,buy,2105213762
2024-03-28T13:34:17.369000+00:00,BTCUSDT,71260.7,0.113,buy,2105213763
2024-03-28T13:34:17.369000+00:00,BTCUSDT,71260.8,0.011,buy,2105213764
2024-03-28T13:34:17.369000+00:00,BTCUSDT,71260.9,1.002,buy,2105213765
2024-03-28T13:34:17.369000+00:00,BTCUSDT,71261.1,0.002,buy,2105213766
2024-03-28T13:34:17.369000+00:00,BTCUSDT,71261.4,0.002,buy,2105213767
2024-03-28T13:34:17.369000+00:00,BTCUSDT,71261.5,0.006,buy,2105213768
2024-03-28T13:34:17.369000+00:00,BTCUSDT,71261.7,0.167,buy,2105213769
2024-03-28T13:34:17.369000+00:00,BTCUSDT,71262.0,0.004,buy,2105213770
2024-03-28T13:34:17.369000+00:00,BTCUSDT,71262.4,0.002,buy,2105213771
2024-03-28T13:34:17.369000+00:00,BTCUSDT,71262.5,0.002,buy,2105213772
2024-03-28T13:34:17.369000+00:00,BTCUSDT,71263.4,0.002,buy,2105213773
2024-03-28T13:34:17.369000+00:00,BTCUSDT,71263.5,0.171,buy,2105213774
2024-03-28T13:34:17.369000+00:00,BTCUSDT,71263.6,0.012,buy,2105213775
2024-03-28T13:34:17.369000+00:00,BTCUSDT,71263.7,0.029,buy,2105213776
2024-03-28T13:34:17.369000+00:00,BTCUSDT,71264.0,0.002,buy,2105213777
2024-03-28T13:34:17.369000+00:00,BTCUSDT,71264.2,0.002,buy,2105213778
2024-03-28T13:34:17.369000+00:00,BTCUSDT,71264.3,0.002,buy,2105213779
2024-03-28T13:34:17.369000+00:00,BTCUSDT,71265.1,0.423,buy,2105213780
2024-03-28T13:34:17.369000+00:00,BTCUSDT,71265.2,0.446,buy,2105213781
2024-03-28T13:34:17.369000+00:00,BTCUSDT,71265.3,0.691,buy,2105213782
2024-03-28T13:34:17.369000+00:00,BTCUSDT,71265.4,0.425,buy,2105213783
2024-03-28T13:34:17.369000+00:00,BTCUSDT,71265.5,0.861,buy,2105213784
2024-03-28T13:34:17.369000+00:00,BTCUSDT,71265.6,0.849,buy,2105213785
2024-03-28T13:34:17.369000+00:00,BTCUSDT,71265.7,1.036,buy,2105213786
2024-03-28T13:34:17.369000+00:00,BTCUSDT,71265.8,0.169,buy,2105213787
2024-03-28T13:34:17.369000+00:00,BTCUSDT,71266.0,0.002,buy,2105213788
2024-03-28T13:34:17.369000+00:00,BTCUSDT,71266.1,0.002,buy,2105213789
2024-03-28T13:34:17.369000+00:00,BTCUSDT,71266.3,0.101,buy,2105213790
2024-03-28T13:34:17.369000+00:00,BTCUSDT,71266.4,0.02,buy,2105213791
2024-03-28T13:34:17.369000+00:00,BTCUSDT,71266.7,0.169,buy,2105213792
2024-03-28T13:34:17.369000+00:00,BTCUSDT,71266.8,0.01,buy,2105213793
2024-03-28T13:34:17.369000+00:00,BTCUSDT,71266.9,0.104,buy,2105213794
2024-03-28T13:34:17.369000+00:00,BTCUSDT,71267.0,0.182,buy,2105213795
2024-03-28T13:34:17.369000+00:00,BTCUSDT,71267.2,0.182,buy,2105213796
2024-03-28T13:34:17.369000+00:00,BTCUSDT,71267.7,0.002,buy,2105213797
2024-03-28T13:34:17.369000+00:00,BTCUSDT,71267.9,0.169,buy,2105213798
2024-03-28T13:34:17.369000+00:00,BTCUSDT,71268.0,0.002,buy,2105213799
2024-03-28T13:34:17.369000+00:00,BTCUSDT,71268.2,0.008,buy,2105213800
2024-03-28T13:34:17.369000+00:00,BTCUSDT,71268.5,0.008,buy,2105213801
2024-03-28T13:34:17.369000+00:00,BTCUSDT,71268.6,0.011,buy,2105213802
2024-03-28T13:34:17.369000+00:00,BTCUSDT,71268.7,0.171,buy,2105213803
2024-03-28T13:34:17.369000+00:00,BTCUSDT,71268.8,0.002,buy,2105213804
2024-03-28T13:34:17.369000+00:00,BTCUSDT,71269.4,0.042,buy,2105213805
2024-03-28T13:34:17.369000+00:00,BTCUSDT,71269.6,0.004,buy,2105213806
2024-03-28T13:34:17.369000+00:00,BTCUSDT,71269.8,0.206,buy,2105213807
2024-03-28T13:34:17.369000+00:00,BTCUSDT,71269.9,0.022,buy,2105213808
2024-03-28T13:34:17.369000+00:00,BTCUSDT,71270.0,0.004,buy,2105213809
2024-03-28T13:34:17.369000+00:00,BTCUSDT,71270.1,0.007,buy,2105213810
2024-03-28T13:34:17.369000+00:00,BTCUSDT,71270.3,0.008,buy,2105213811
2024-03-28T13:34:17.369000+00:00,BTCUSDT,71270.5,0.008,buy,2105213812
2024-03-28T13:34:17.369000+00:00,BTCUSDT,71270.6,0.005,buy,2105213813
2024-03-28T13:34:17.369000+00:00,BTCUSDT,71270.7,0.026,buy,2105213814
2024-03-28T13:34:17.369000+00:00,BTCUSDT,71270.9,0.005,buy,2105213815
2024-03-28T13:34:17.369000+00:00,BTCUSDT,71271.0,0.133,buy,2105213816
2024-03-28T13:34:17.369000+00:00,BTCUSDT,71271.2,0.005,buy,2105213817
2024-03-28T13:34:17.369000+00:00,BTCUSDT,71271.3,0.022,buy,2105213818
2024-03-28T13:34:17.369000+00:00,BTCUSDT,71271.5,0.101,buy,2105213819
2024-03-28T13:34:17.369000+00:00,BTCUSDT,71271.7,0.031,buy,2105213820
2024-03-28T13:34:17.369000+00:00,BTCUSDT,71271.8,0.031,buy,2105213821
2024-03-28T13:34:17.369000+00:00,BTCUSDT,71271.9,0.002,buy,2105213822
2024-03-28T13:34:17.369000+00:00,BTCUSDT,71272.0,0.012,buy,2105213823
2024-03-28T13:34:17.369000+00:00,BTCUSDT,71272.3,0.002,buy,2105213824
2024-03-28T13:34:17.369000+00:00,BTCUSDT,71272.6,0.407,buy,2105213825
2024-03-28T13:34:17.369000+00:00,BTCUSDT,71272.7,0.738,buy,2105213826
2024-03-28T13:34:17.369000+00:00,BTCUSDT,71273.0,0.01,buy,2105213827
2024-03-28T13:34:17.369000+00:00,BTCUSDT,71273.2,0.007,buy,2105213828
2024-03-28T13:34:17.369000+00:00,BTCUSDT,71273.3,0.056,buy,2105213829
2024-03-28T13:34:17.369000+00:00,BTCUSDT,71273.6,0.044,buy,2105213830
2024-03-28T13:34:17.369000+00:00,BTCUSDT,71273.9,0.106,buy,2105213831
2024-03-28T13:34:17.369000+00:00,BTCUSDT,71274.0,0.124,buy,2105213832
2024-03-28T13:34:17.369000+00:00,BTCUSDT,71274.1,0.214,buy,2105213833
2024-03-28T13:34:17.369000+00:00,BTCUSDT,71274.2,0.067,buy,2105213834
2024-03-28T13:34:17.369000+00:00,BTCUSDT,71274.3,0.022,buy,2105213835
2024-03-28T13:34:17.369000+00:00,BTCUSDT,71274.5,0.03,buy,2105213836
2024-03-28T13:34:17.369000+00:00,BTCUSDT,71274.7,0.037,buy,2105213837
2024-03-28T13:34:17.369000+00:00,BTCUSDT,71274.9,0.01,buy,2105213838
2024-03-28T13:34:17.369000+00:00,BTCUSDT,71275.0,0.074,buy,2105213839
2024-03-28T13:34:17.369000+00:00,BTCUSDT,71275.1,0.049,buy,2105213840
2024-03-28T13:34:17.369000+00:00,BTCUSDT,71275.2,0.002,buy,2105213841
2024-03-28T13:34:17.369000+00:00,BTCUSDT,71275.3,1.743,buy,2105213842
2024-03-28T13:34:17.369000+00:00,BTCUSDT,71275.4,0.022,buy,2105213843
2024-03-28T13:34:17.369000+00:00,BTCUSDT,71275.8,0.006,buy,2105213844
2024-03-28T13:34:17.369000+00:00,BTCUSDT,71276.0,0.012,buy,2105213845
2024-03-28T13:34:17.369000+00:00,BTCUSDT,71276.1,0.002,buy,2105213846
2024-03-28T13:34:17.369000+00:00,BTCUSDT,71276.3,0.043,buy,2105213847
2024-03-28T13:34:17.369000+00:00,BTCUSDT,71276.4,0.002,buy,2105213848
2024-03-28T13:34:17.369000+00:00,BTCUSDT,71276.6,0.053,buy,2105213849
2024-03-28T13:34:17.369000+00:00,BTCUSDT,71276.8,0.008,buy,2105213850
2024-03-28T13:34:17.369000+00:00,BTCUSDT,71277.0,0.01,buy,2105213851
2024-03-28T13:34:17.369000+00:00,BTCUSDT,71277.1,0.046,buy,2105213852
2024-03-28T13:34:17.369000+00:00,BTCUSDT,71277.3,0.01,buy,2105213853
2024-03-28T13:34:17.369000+00:00,BTCUSDT,71277.5,0.01,buy,2105213854
2024-03-28T13:34:17.369000+00:00,BTCUSDT,71277.7,0.002,buy,2105213855
2024-03-28T13:34:17.369000+00:00,BTCUSDT,71277.9,0.007,buy,2105213856
2024-03-28T13:34:17.369000+00:00,BTCUSDT,71278.0,0.014,buy,2105213857
2024-03-28T13:34:17.369000+00:00,BTCUSDT,71278.2,0.006,buy,2105213858
2024-03-28T13:34:17.369000+00:00,BTCUSDT,71278.6,0.002,buy,2105213859
2024-03-28T13:34:17.369000+00:00,BTCUSDT,71278.9,0.057,buy,2105213860
2024-03-28T13:34:17.369000+00:00,BTCUSDT,71279.0,0.052,buy,2105213861
2024-03-28T13:34:17.369000+00:00,BTCUSDT,71279.1,0.221,buy,2105213862
2024-03-28T13:34:17.369000+00:00,BTCUSDT,71279.4,0.423,buy,2105213863
2024-03-28T13:34:17.369000+00:00,BTCUSDT,71280.0,0.026,buy,2105213864
2024-03-28T13:34:17.369000+00:00,BTCUSDT,71280.1,0.122,buy,2105213865
2024-03-28T13:34:17.369000+00:00,BTCUSDT,71280.2,0.031,buy,2105213866
2024-03-28T13:34:17.369000+00:00,BTCUSDT,71280.3,0.002,buy,2105213867
2024-03-28T13:34:17.369000+00:00,BTCUSDT,71280.9,0.316,buy,2105213868
2024-03-28T13:34:17.369000+00:00,BTCUSDT,71281.0,0.018,buy,2105213869
2024-03-28T13:34:17.369000+00:00,BTCUSDT,71281.1,0.056,buy,2105213870
2024-03-28T13:34:17.369000+00:00,BTCUSDT,71281.2,0.029,buy,2105213871
2024-03-28T13:34:17.369000+00:00,BTCUSDT,71281.5,0.018,buy,2105213872
2024-03-28T13:34:17.369000+00:00,BTCUSDT,71281.9,0.009,buy,2105213873
2024-03-28T13:34:17.369000+00:00,BTCUSDT,71282.0,0.017,buy,2105213874
2024-03-28T13:34:17.369000+00:00,BTCUSDT,71282.4,0.004,buy,2105213875
2024-03-28T13:34:17.369000+00:00,BTCUSDT,71282.5,0.007,buy,2105213876
2024-03-28T13:34:17.369000+00:00,BTCUSDT,71282.8,0.072,buy,2105213877
2024-03-28T13:34:17.369000+00:00,BTCUSDT,71282.9,0.368,buy,2105213878
2024-03-28T13:34:17.369000+00:00,BTCUSDT,71283.0,0.041,buy,2105213879
2024-03-28T13:34:17.369000+00:00,BTCUSDT,71283.1,0.517,buy,2105213880
2024-03-28T13:34:17.370000+00:00,BTCUSDT,71283.2,0.024,buy,2105213881
2024-03-28T13:34:17.370000+00:00,BTCUSDT,71283.4,0.708,buy,2105213882
2024-03-28T13:34:17.370000+00:00,BTCUSDT,71283.5,0.039,buy,2105213883
2024-03-28T13:34:17.370000+00:00,BTCUSDT,71283.6,1.182,buy,2105213884
2024-03-28T13:34:17.370000+00:00,BTCUSDT,71283.7,0.013,buy,2105213885
2024-03-28T13:34:17.370000+00:00,BTCUSDT,71283.9,0.034,buy,2105213886
2024-03-28T13:34:17.370000+00:00,BTCUSDT,71284.0,0.21,buy,2105213887
2024-03-28T13:34:17.370000+00:00,BTCUSDT,71284.2,0.004,buy,2105213888
2024-03-28T13:34:17.370000+00:00,BTCUSDT,71284.4,0.031,buy,2105213889
2024-03-28T13:34:17.370000+00:00,BTCUSDT,71284.5,0.002,buy,2105213890
2024-03-28T13:34:17.370000+00:00,BTCUSDT,71284.9,0.141,buy,2105213891
2024-03-28T13:34:17.370000+00:00,BTCUSDT,71285.0,0.002,buy,2105213892
2024-03-28T13:34:17.370000+00:00,BTCUSDT,71285.2,0.037,buy,2105213893
2024-03-28T13:34:17.370000+00:00,BTCUSDT,71285.3,0.018,buy,2105213894
2024-03-28T13:34:17.370000+00:00,BTCUSDT,71285.5,0.078,buy,2105213895
2024-03-28T13:34:17.370000+00:00,BTCUSDT,71285.7,0.107,buy,2105213896
2024-03-28T13:34:17.370000+00:00,BTCUSDT,71285.8,0.075,buy,2105213897
2024-03-28T13:34:17.370000+00:00,BTCUSDT,71285.9,0.426,buy,2105213898
2024-03-28T13:34:17.370000+00:00,BTCUSDT,71286.0,0.033,buy,2105213899
2024-03-28T13:34:17.370000+00:00,BTCUSDT,71286.1,0.23,buy,2105213900
2024-03-28T13:34:17.370000+00:00,BTCUSDT,71286.2,0.058,buy,2105213901
2024-03-28T13:34:17.370000+00:00,BTCUSDT,71286.4,0.725,buy,2105213902
2024-03-28T13:34:17.370000+00:00,BTCUSDT,71286.5,0.094,buy,2105213903
2024-03-28T13:34:17.370000+00:00,BTCUSDT,71286.6,0.002,buy,2105213904
2024-03-28T13:34:17.370000+00:00,BTCUSDT,71286.8,0.062,buy,2105213905
2024-03-28T13:34:17.370000+00:00,BTCUSDT,71287.0,0.966,buy,2105213906
2024-03-28T13:34:17.370000+00:00,BTCUSDT,71287.1,0.002,buy,2105213907
2024-03-28T13:34:17.370000+00:00,BTCUSDT,71287.2,0.002,buy,2105213908
2024-03-28T13:34:17.370000+00:00,BTCUSDT,71287.7,0.356,buy,2105213909
2024-03-28T13:34:17.370000+00:00,BTCUSDT,71287.8,0.004,buy,2105213910
2024-03-28T13:34:17.370000+00:00,BTCUSDT,71288.0,0.132,buy,2105213911
2024-03-28T13:34:17.370000+00:00,BTCUSDT,71288.1,0.005,buy,2105213912
2024-03-28T13:34:17.370000+00:00,BTCUSDT,71288.3,0.564,buy,2105213913
2024-03-28T13:34:17.370000+00:00,BTCUSDT,71288.4,0.794,buy,2105213914
2024-03-28T13:34:17.370000+00:00,BTCUSDT,71288.5,0.022,buy,2105213915
2024-03-28T13:34:17.370000+00:00,BTCUSDT,71288.7,0.005,buy,2105213916
2024-03-28T13:34:17.370000+00:00,BTCUSDT,71288.8,0.752,buy,2105213917
2024-03-28T13:34:17.370000+00:00,BTCUSDT,71288.9,0.004,buy,2105213918
2024-03-28T13:34:17.370000+00:00,BTCUSDT,71289.1,0.013,buy,2105213919
2024-03-28T13:34:17.370000+00:00,BTCUSDT,71289.3,0.892,buy,2105213920
2024-03-28T13:34:17.370000+00:00,BTCUSDT,71289.4,1.13,buy,2105213921
2024-03-28T13:34:17.370000+00:00,BTCUSDT,71289.5,0.391,buy,2105213922
2024-03-28T13:34:17.370000+00:00,BTCUSDT,71289.6,0.592,buy,2105213923
2024-03-28T13:34:17.370000+00:00,BTCUSDT,71289.7,0.03,buy,2105213924
2024-03-28T13:34:17.370000+00:00,BTCUSDT,71289.8,0.835,buy,2105213925
2024-03-28T13:34:17.370000+00:00,BTCUSDT,71290.0,0.231,buy,2105213926
2024-03-28T13:34:17.370000+00:00,BTCUSDT,71290.1,0.006,buy,2105213927
2024-03-28T13:34:17.370000+00:00,BTCUSDT,71290.3,1.586,buy,2105213928
2024-03-28T13:34:17.370000+00:00,BTCUSDT,71290.4,0.002,buy,2105213929
2024-03-28T13:34:17.370000+00:00,BTCUSDT,71290.6,0.195,buy,2105213930
2024-03-28T13:34:17.370000+00:00,BTCUSDT,71290.7,0.038,buy,2105213931
2024-03-28T13:34:17.370000+00:00,BTCUSDT,71290.8,0.002,buy,2105213932
2024-03-28T13:34:17.370000+00:00,BTCUSDT,71291.0,0.012,buy,2105213933
2024-03-28T13:34:17.370000+00:00,BTCUSDT,71291.1,0.002,buy,2105213934
2024-03-28T13:34:17.370000+00:00,BTCUSDT,71291.6,0.006,buy,2105213935
2024-03-28T13:34:17.370000+00:00,BTCUSDT,71291.8,0.841,buy,2105213936
2024-03-28T13:34:17.370000+00:00,BTCUSDT,71292.0,0.437,buy,2105213937
2024-03-28T13:34:17.370000+00:00,BTCUSDT,71292.6,0.24,buy,2105213938
2024-03-28T13:34:17.370000+00:00,BTCUSDT,71292.9,0.002,buy,2105213939
2024-03-28T13:34:17.370000+00:00,BTCUSDT,71293.2,0.003,buy,2105213940
2024-03-28T13:34:17.370000+00:00,BTCUSDT,71293.4,0.002,buy,2105213941
2024-03-28T13:34:17.370000+00:00,BTCUSDT,71293.5,0.009,buy,2105213942
2024-03-28T13:34:17.370000+00:00,BTCUSDT,71293.6,0.028,buy,2105213943
2024-03-28T13:34:17.370000+00:00,BTCUSDT,71293.7,0.421,buy,2105213944
2024-03-28T13:34:17.370000+00:00,BTCUSDT,71293.8,0.037,buy,2105213945
2024-03-28T13:34:17.370000+00:00,BTCUSDT,71293.9,0.01,buy,2105213946
2024-03-28T13:34:17.370000+00:00,BTCUSDT,71294.0,0.002,buy,2105213947
2024-03-28T13:34:17.370000+00:00,BTCUSDT,71294.1,0.712,buy,2105213948
2024-03-28T13:34:17.370000+00:00,BTCUSDT,71294.3,0.314,buy,2105213949
2024-03-28T13:34:17.370000+00:00,BTCUSDT,71294.7,2.0,buy,2105213950
2024-03-28T13:34:17.370000+00:00,BTCUSDT,71294.8,0.042,buy,2105213951
2024-03-28T13:34:17.370000+00:00,BTCUSDT,71294.9,0.004,buy,2105213952
2024-03-28T13:34:17.370000+00:00,BTCUSDT,71295.0,0.002,buy,2105213953
2024-03-28T13:34:17.370000+00:00,BTCUSDT,71295.2,0.026,buy,2105213954
2024-03-28T13:34:17.370000+00:00,BTCUSDT,71295.3,0.002,buy,2105213955
2024-03-28T13:34:17.370000+00:00,BTCUSDT,71295.4,0.008,buy,2105213956
2024-03-28T13:34:17.370000+00:00,BTCUSDT,71295.5,0.247,buy,2105213957
2024-03-28T13:34:17.370000+00:00,BTCUSDT,71295.6,3.245,buy,2105213958
2024-03-28T13:34:17.370000+00:00,BTCUSDT,71295.7,0.002,buy,2105213959
2024-03-28T13:34:17.370000+00:00,BTCUSDT,71295.8,0.022,buy,2105213960
2024-03-28T13:34:17.370000+00:00,BTCUSDT,71296.0,0.002,buy,2105213961
2024-03-28T13:34:17.370000+00:00,BTCUSDT,71296.1,0.039,buy,2105213962
2024-03-28T13:34:17.370000+00:00,BTCUSDT,71296.2,0.031,buy,2105213963
2024-03-28T13:34:17.370000+00:00,BTCUSDT,71296.3,0.01,buy,2105213964
2024-03-28T13:34:17.370000+00:00,BTCUSDT,71296.4,0.005,buy,2105213965
2024-03-28T13:34:17.370000+00:00,BTCUSDT,71296.5,0.044,buy,2105213966
2024-03-28T13:34:17.370000+00:00,BTCUSDT,71296.6,0.025,buy,2105213967
2024-03-28T13:34:17.370000+00:00,BTCUSDT,71296.7,0.827,buy,2105213968
2024-03-28T13:34:17.370000+00:00,BTCUSDT,71296.8,0.031,buy,2105213969
2024-03-28T13:34:17.370000+00:00,BTCUSDT,71296.9,0.029,buy,2105213970
2024-03-28T13:34:17.370000+00:00,BTCUSDT,71297.0,0.021,buy,2105213971
2024-03-28T13:34:17.370000+00:00,BTCUSDT,71297.1,0.033,buy,2105213972
2024-03-28T13:34:17.370000+00:00,BTCUSDT,71297.2,0.147,buy,2105213973
2024-03-28T13:34:17.370000+00:00,BTCUSDT,71297.3,0.249,buy,2105213974
2024-03-28T13:34:17.370000+00:00,BTCUSDT,71297.5,0.989,buy,2105213975
2024-03-28T13:34:17.370000+00:00,BTCUSDT,71297.6,0.459,buy,2105213976
2024-03-28T13:34:17.370000+00:00,BTCUSDT,71297.8,0.031,buy,2105213977
2024-03-28T13:34:17.370000+00:00,BTCUSDT,71297.9,0.043,buy,2105213978
2024-03-28T13:34:17.370000+00:00,BTCUSDT,71298.0,0.004,buy,2105213979
2024-03-28T13:34:17.370000+00:00,BTCUSDT,71298.1,0.002,buy,2105213980
2024-03-28T13:34:17.370000+00:00,BTCUSDT,71298.2,0.235,buy,2105213981
2024-03-28T13:34:17.370000+00:00,BTCUSDT,71298.3,0.029,buy,2105213982
2024-03-28T13:34:17.370000+00:00,BTCUSDT,71298.4,0.037,buy,2105213983
2024-03-28T13:34:17.370000+00:00,BTCUSDT,71298.7,0.043,buy,2105213984
2024-03-28T13:34:17.370000+00:00,BTCUSDT,71298.9,0.002,buy,2105213985
2024-03-28T13:34:17.370000+00:00,BTCUSDT,71299.1,0.023,buy,2105213986
2024-03-28T13:34:17.370000+00:00,BTCUSDT,71299.2,0.002,buy,2105213987
2024-03-28T13:34:17.370000+00:00,BTCUSDT,71299.3,0.003,buy,2105213988
2024-03-28T13:34:17.370000+00:00,BTCUSDT,71299.6,0.029,buy,2105213989
2024-03-28T13:34:17.370000+00:00,BTCUSDT,71299.7,0.642,buy,2105213990
2024-03-28T13:34:17.370000+00:00,BTCUSDT,71299.8,0.011,buy,2105213991
2024-03-28T13:34:17.370000+00:00,BTCUSDT,71299.9,0.218,buy,2105213992
2024-03-28T13:34:17.370000+00:00,BTCUSDT,71300.0,5.414,buy,2105213993
2024-03-28T13:34:17.370000+00:00,BTCUSDT,71300.1,0.009,buy,2105213994
2024-03-28T13:34:17.370000+00:00,BTCUSDT,71300.3,0.467,buy,2105213995
2024-03-28T13:34:17.370000+00:00,BTCUSDT,71300.4,0.221,buy,2105213996
2024-03-28T13:34:17.370000+00:00,BTCUSDT,71300.7,0.024,buy,2105213997
2024-03-28T13:34:17.370000+00:00,BTCUSDT,71300.8,0.002,buy,2105213998
2024-03-28T13:34:17.370000+00:00,BTCUSDT,71301.0,0.04,buy,2105213999
2024-03-28T13:34:17.370000+00:00,BTCUSDT,71301.3,0.002,buy,2105214000
2024-03-28T13:34:17.370000+00:00,BTCUSDT,71301.6,0.07,buy,2105214001
2024-03-28T13:34:17.370000+00:00,BTCUSDT,71301.7,0.005,buy,2105214002
2024-03-28T13:34:17.370000+00:00,BTCUSDT,71301.8,0.002,buy,2105214003
2024-03-28T13:34:17.370000+00:00,BTCUSDT,71302.0,0.002,buy,2105214004
2024-03-28T13:34:17.370000+00:00,BTCUSDT,71302.3,0.045,buy,2105214005
2024-03-28T13:34:17.370000+00:00,BTCUSDT,71302.4,0.433,buy,2105214006
2024-03-28T13:34:17.370000+00:00,BTCUSDT,71302.6,0.043,buy,2105214007
2024-03-28T13:34:17.370000+00:00,BTCUSDT,71302.9,0.691,buy,2105214008
2024-03-28T13:34:17.370000+00:00,BTCUSDT,71303.4,0.229,buy,2105214009
2024-03-28T13:34:17.370000+00:00,BTCUSDT,71303.7,0.024,buy,2105214010
2024-03-28T13:34:17.370000+00:00,BTCUSDT,71303.9,0.451,buy,2105214011
2024-03-28T13:34:17.370000+00:00,BTCUSDT,71304.0,0.005,buy,2105214012
2024-03-28T13:34:17.370000+00:00,BTCUSDT,71304.1,0.005,buy,2105214013
2024-03-28T13:34:17.370000+00:00,BTCUSDT,71304.2,0.005,buy,2105214014
2024-03-28T13:34:17.370000+00:00,BTCUSDT,71304.3,0.018,buy,2105214015
2024-03-28T13:34:17.370000+00:00,BTCUSDT,71304.4,0.069,buy,2105214016
2024-03-28T13:34:17.370000+00:00,BTCUSDT,71304.7,0.004,buy,2105214017
2024-03-28T13:34:17.370000+00:00,BTCUSDT,71304.8,0.708,buy,2105214018
2024-03-28T13:34:17.370000+00:00,BTCUSDT,71304.9,0.008,buy,2105214019
2024-03-28T13:34:17.370000+00:00,BTCUSDT,71305.1,0.133,buy,2105214020
2024-03-28T13:34:17.370000+00:00,BTCUSDT,71305.2,0.035,buy,2105214021
2024-03-28T13:34:17.370000+00:00,BTCUSDT,71305.3,0.004,buy,2105214022
2024-03-28T13:34:17.370000+00:00,BTCUSDT,71305.5,0.374,buy,2105214023
2024-03-28T13:34:17.370000+00:00,BTCUSDT,71305.6,0.098,buy,2105214024
2024-03-28T13:34:17.370000+00:00,BTCUSDT,71305.7,0.031,buy,2105214025
2024-03-28T13:34:17.370000+00:00,BTCUSDT,71305.8,0.075,buy,2105214026
2024-03-28T13:34:17.370000+00:00,BTCUSDT,71305.9,0.087,buy,2105214027
2024-03-28T13:34:17.370000+00:00,BTCUSDT,71306.0,0.002,buy,2105214028
2024-03-28T13:34:17.370000+00:00,BTCUSDT,71306.3,0.971,buy,2105214029
2024-03-28T13:34:17.370000+00:00,BTCUSDT,71306.4,2.805,buy,2105214030
2024-03-28T13:34:17.370000+00:00,BTCUSDT,71306.6,0.033,buy,2105214031
2024-03-28T13:34:17.370000+00:00,BTCUSDT,71306.8,0.002,buy,2105214032
2024-03-28T13:34:17.370000+00:00,BTCUSDT,71306.9,2.945,buy,2105214033
2024-03-28T13:34:17.370000+00:00,BTCUSDT,71307.0,0.004,buy,2105214034
2024-03-28T13:34:17.370000+00:00,BTCUSDT,71307.4,0.239,buy,2105214035
2024-03-28T13:34:17.370000+00:00,BTCUSDT,71307.5,0.009,buy,2105214036
2024-03-28T13:34:17.370000+00:00,BTCUSDT,71307.6,0.016,buy,2105214037
2024-03-28T13:34:17.370000+00:00,BTCUSDT,71307.7,0.011,buy,2105214038
2024-03-28T13:34:17.370000+00:00,BTCUSDT,71307.8,0.004,buy,2105214039
2024-03-28T13:34:17.370000+00:00,BTCUSDT,71307.9,0.013,buy,2105214040
2024-03-28T13:34:17.370000+00:00,BTCUSDT,71308.0,0.006,buy,2105214041
2024-03-28T13:34:17.370000+00:00,BTCUSDT,71308.1,0.003,buy,2105214042
2024-03-28T13:34:17.370000+00:00,BTCUSDT,71308.5,0.004,buy,2105214043
2024-03-28T13:34:17.370000+00:00,BTCUSDT,71308.6,0.003,buy,2105214044
2024-03-28T13:34:17.370000+00:00,BTCUSDT,71308.8,0.35,buy,2105214045
2024-03-28T13:34:17.370000+00:00,BTCUSDT,71308.9,0.029,buy,2105214046
2024-03-28T13:34:17.370000+00:00,BTCUSDT,71309.0,0.002,buy,2105214047
2024-03-28T13:34:17.370000+00:00,BTCUSDT,71309.1,0.022,buy,2105214048
2024-03-28T13:34:17.370000+00:00,BTCUSDT,71309.2,0.002,buy,2105214049
2024-03-28T13:34:17.370000+00:00,BTCUSDT,71309.4,0.43,buy,2105214050
2024-03-28T13:34:17.370000+00:00,BTCUSDT,71309.5,0.01,buy,2105214051
2024-03-28T13:34:17.370000+00:00,BTCUSDT,71309.7,0.932,buy,2105214052
2024-03-28T13:34:17.370000+00:00,BTCUSDT,71309.9,0.081,buy,2105214053
2024-03-28T13:34:17.370000+00:00,BTCUSDT,71310.0,0.15,buy,2105214054
2024-03-28T13:34:17.371000+00:00,BTCUSDT,71310.1,2.981,buy,2105214055
2024-03-28T13:34:17.371000+00:00,BTCUSDT,71310.2,0.031,buy,2105214056
2024-03-28T13:34:17.371000+00:00,BTCUSDT,71310.3,0.021,buy,2105214057
2024-03-28T13:34:17.371000+00:00,BTCUSDT,71310.4,0.002,buy,2105214058
2024-03-28T13:34:17.371000+00:00,BTCUSDT,71310.5,0.01,buy,2105214059
2024-03-28T13:34:17.371000+00:00,BTCUSDT,71310.6,0.069,buy,2105214060
2024-03-28T13:34:17.371000+00:00,BTCUSDT,71310.7,0.05,buy,2105214061
2024-03-28T13:34:17.371000+00:00,BTCUSDT,71310.9,0.029,buy,2105214062
2024-03-28T13:34:17.371000+00:00,BTCUSDT,71311.0,1.207,buy,2105214063
2024-03-28T13:34:17.371000+00:00,BTCUSDT,71311.1,0.016,buy,2105214064
2024-03-28T13:34:17.371000+00:00,BTCUSDT,71311.2,0.135,buy,2105214065
2024-03-28T13:34:17.371000+00:00,BTCUSDT,71311.3,0.029,buy,2105214066
2024-03-28T13:34:17.371000+00:00,BTCUSDT,71311.5,0.002,buy,2105214067
2024-03-28T13:34:17.371000+00:00,BTCUSDT,71311.6,0.029,buy,2105214068
2024-03-28T13:34:17.371000+00:00,BTCUSDT,71311.8,0.03,buy,2105214069
2024-03-28T13:34:17.371000+00:00,BTCUSDT,71311.9,0.023,buy,2105214070
2024-03-28T13:34:17.371000+00:00,BTCUSDT,71312.0,0.031,buy,2105214071
2024-03-28T13:34:17.371000+00:00,BTCUSDT,71312.1,0.029,buy,2105214072
2024-03-28T13:34:17.371000+00:00,BTCUSDT,71312.2,0.133,buy,2105214073
2024-03-28T13:34:17.371000+00:00,BTCUSDT,71312.4,5.758,buy,2105214074
2024-03-28T13:34:17.371000+00:00,BTCUSDT,71312.5,0.017,buy,2105214075
2024-03-28T13:34:17.371000+00:00,BTCUSDT,71312.6,0.071,buy,2105214076
2024-03-28T13:34:17.371000+00:00,BTCUSDT,71312.7,0.004,buy,2105214077
2024-03-28T13:34:17.371000+00:00,BTCUSDT,71312.8,0.433,buy,2105214078
2024-03-28T13:34:17.371000+00:00,BTCUSDT,71313.1,0.029,buy,2105214079
2024-03-28T13:34:17.371000+00:00,BTCUSDT,71313.4,0.031,buy,2105214080
2024-03-28T13:34:17.371000+00:00,BTCUSDT,71313.6,0.341,buy,2105214081
2024-03-28T13:34:17.371000+00:00,BTCUSDT,71313.7,0.07,buy,2105214082
2024-03-28T13:34:17.371000+00:00,BTCUSDT,71313.8,0.187,buy,2105214083
2024-03-28T13:34:17.371000+00:00,BTCUSDT,71313.9,0.002,buy,2105214084
