timestamp,symbol,price,size,side,trade_id
2024-03-28T13:29:07.866000+00:00,BTCUSDT,71168.9,0.032,sell,2105186694
2024-03-28T13:29:07.870000+00:00,BTCUSDT,71169.0,0.03,buy,2105186695
2024-03-28T13:29:07.882000+00:00,BTCUSDT,71168.9,0.064,sell,2105186696
2024-03-28T13:29:07.904000+00:00,BTCUSDT,71169.0,0.05,buy,2105186697
2024-03-28T13:29:07.909000+00:00,BTCUSDT,71168.9,0.026,sell,2105186698
2024-03-28T13:29:08.069000+00:00,BTCUSDT,71168.9,0.016,sell,2105186699
2024-03-28T13:29:08.105000+00:00,BTCUSDT,71169.0,0.014,buy,2105186700
2024-03-28T13:29:08.128000+00:00,BTCUSDT,71168.9,0.007,sell,2105186701
2024-03-28T13:29:08.133000+00:00,BTCUSDT,71169.0,0.06,buy,2105186702
2024-03-28T13:29:08.186000+00:00,BTCUSDT,71168.9,0.026,sell,2105186703
2024-03-28T13:29:08.232000+00:00,BTCUSDT,71169.0,0.198,buy,2105186704
2024-03-28T13:29:08.232000+00:00,BTCUSDT,71169.2,0.002,buy,2105186705
2024-03-28T13:29:08.232000+00:00,BTCUSDT,71169.7,0.002,buy,2105186706
2024-03-28T13:29:08.232000+00:00,BTCUSDT,71169.9,0.081,buy,2105186707
2024-03-28T13:29:08.232000+00:00,BTCUSDT,71170.0,0.012,buy,2105186708
2024-03-28T13:29:08.232000+00:00,BTCUSDT,71170.2,0.004,buy,2105186709
2024-03-28T13:29:08.232000+00:00,BTCUSDT,71170.3,0.003,buy,2105186710
2024-03-28T13:29:08.232000+00:00,BTCUSDT,71171.0,0.01,buy,2105186711
2024-03-28T13:29:08.232000+00:00,BTCUSDT,71171.1,0.002,buy,2105186712
2024-03-28T13:29:08.232000+00:00,BTCUSDT,71171.3,0.002,buy,2105186713
2024-03-28T13:29:08.232000+00:00,BTCUSDT,71171.5,0.004,buy,2105186714
2024-03-28T13:29:08.232000+00:00,BTCUSDT,71171.8,0.1,buy,2105186715
2024-03-28T13:29:08.232000+00:00,BTCUSDT,71171.9,0.101,buy,2105186716
2024-03-28T13:29:08.232000+00:00,BTCUSDT,71172.0,0.012,buy,2105186717
2024-03-28T13:29:08.232000+00:00,BTCUSDT,71172.2,0.104,buy,2105186718
2024-03-28T13:29:08.232000+00:00,BTCUSDT,71172.3,0.089,buy,2105186719
2024-03-28T13:29:08.252000+00:00,BTCUSDT,71172.2,0.007,sell,2105186720
2024-03-28T13:29:08.379000+00:00,BTCUSDT,71172.2,0.066,sell,2105186721
2024-03-28T13:29:08.448000+00:00,BTCUSDT,71172.3,0.008,buy,2105186722
2024-03-28T13:29:08.459000+00:00,BTCUSDT,71172.2,0.027,sell,2105186723
2024-03-28T13:29:08.571000+00:00,BTCUSDT,71172.2,1.372,sell,2105186724
2024-03-28T13:29:08.629000+00:00,BTCUSDT,71172.3,0.011,buy,2105186725
2024-03-28T13:29:08.712000+00:00,BTCUSDT,71172.2,0.634,sell,2105186726
2024-03-28T13:29:08.714000+00:00,BTCUSDT,71170.0,0.002,sell,2105186727
2024-03-28T13:29:08.714000+00:00,BTCUSDT,71169.0,0.053,sell,2105186728
2024-03-28T13:29:08.817000+00:00,BTCUSDT,71169.1,0.048,buy,2105186729
2024-03-28T13:29:08.896000+00:00,BTCUSDT,71169.0,0.035,sell,2105186730
2024-03-28T13:29:08.973000+00:00,BTCUSDT,71169.1,1.625,buy,2105186731
2024-03-28T13:29:09.050000+00:00,BTCUSDT,71169.0,0.52,sell,2105186732
2024-03-28T13:29:09.199000+00:00,BTCUSDT,71169.0,0.003,sell,2105186733
2024-03-28T13:29:09.199000+00:00,BTCUSDT,71168.9,0.008,sell,2105186734
2024-03-28T13:29:09.199000+00:00,BTCUSDT,71168.1,0.067,sell,2105186735
2024-03-28T13:29:09.331000+00:00,BTCUSDT,71168.1,0.046,sell,2105186736
2024-03-28T13:29:09.340000+00:00,BTCUSDT,71168.2,0.084,buy,2105186737
2024-03-28T13:29:09.363000+00:00,BTCUSDT,71168.1,2.533,sell,2105186738
2024-03-28T13:29:09.501000+00:00,BTCUSDT,71168.1,1.819,sell,2105186739
2024-03-28T13:29:09.501000+00:00,BTCUSDT,71167.7,0.924,sell,2105186740
2024-03-28T13:29:09.501000+00:00,BTCUSDT,71167.0,0.118,sell,2105186741
2024-03-28T13:29:09.610000+00:00,BTCUSDT,71167.0,0.005,sell,2105186742
2024-03-28T13:29:09.657000+00:00,BTCUSDT,71167.1,0.601,buy,2105186743
2024-03-28T13:29:09.740000+00:00,BTCUSDT,71167.0,0.011,sell,2105186744
2024-03-28T13:29:09.766000+00:00,BTCUSDT,71167.1,0.002,buy,2105186745
2024-03-28T13:29:09.834000+00:00,BTCUSDT,71167.0,0.021,sell,2105186746
2024-03-28T13:29:09.912000+00:00,BTCUSDT,71167.1,0.004,buy,2105186747
2024-03-28T13:29:09.923000+00:00,BTCUSDT,71167.0,0.091,sell,2105186748
2024-03-28T13:29:09.994000+00:00,BTCUSDT,71167.1,0.05,buy,2105186749
2024-03-28T13:29:10.044000+00:00,BTCUSDT,71167.0,0.375,sell,2105186750
2024-03-28T13:29:10.044000+00:00,BTCUSDT,71166.9,0.004,sell,2105186751
2024-03-28T13:29:10.044000+00:00,BTCUSDT,71166.0,0.002,sell,2105186752
2024-03-28T13:29:10.044000+00:00,BTCUSDT,71165.7,0.002,sell,2105186753
2024-03-28T13:29:10.044000+00:00,BTCUSDT,71165.5,0.002,sell,2105186754
2024-03-28T13:29:10.044000+00:00,BTCUSDT,71165.2,0.028,sell,2105186755
2024-03-28T13:29:10.044000+00:00,BTCUSDT,71164.9,0.028,sell,2105186756
2024-03-28T13:29:10.044000+00:00,BTCUSDT,71164.8,0.002,sell,2105186757
2024-03-28T13:29:10.044000+00:00,BTCUSDT,71164.6,0.056,sell,2105186758
2024-03-28T13:29:10.044000+00:00,BTCUSDT,71164.4,0.01,sell,2105186759
2024-03-28T13:29:10.044000+00:00,BTCUSDT,71164.1,1.212,sell,2105186760
2024-03-28T13:29:10.044000+00:00,BTCUSDT,71164.0,3.446,sell,2105186761
2024-03-28T13:29:10.044000+00:00,BTCUSDT,71163.7,0.004,sell,2105186762
2024-03-28T13:29:10.044000+00:00,BTCUSDT,71163.2,0.002,sell,2105186763
2024-03-28T13:29:10.044000+00:00,BTCUSDT,71162.7,0.002,sell,2105186764
2024-03-28T13:29:10.044000+00:00,BTCUSDT,71162.0,0.002,sell,2105186765
2024-03-28T13:29:10.044000+00:00,BTCUSDT,71161.6,0.004,sell,2105186766
2024-03-28T13:29:10.044000+00:00,BTCUSDT,71161.4,0.087,sell,2105186767
2024-03-28T13:29:10.044000+00:00,BTCUSDT,71161.0,0.002,sell,2105186768
2024-03-28T13:29:10.044000+00:00,BTCUSDT,71160.9,0.012,sell,2105186769
2024-03-28T13:29:10.044000+00:00,BTCUSDT,71160.6,0.002,sell,2105186770
2024-03-28T13:29:10.044000+00:00,BTCUSDT,71160.5,0.223,sell,2105186771
2024-03-28T13:29:10.067000+00:00,BTCUSDT,71160.3,0.005,buy,2105186772
2024-03-28T13:29:10.067000+00:00,BTCUSDT,71160.2,0.004,sell,2105186773
2024-03-28T13:29:10.075000+00:00,BTCUSDT,71160.1,0.056,sell,2105186774
2024-03-28T13:29:10.075000+00:00,BTCUSDT,71160.0,0.046,sell,2105186775
2024-03-28T13:29:10.090000+00:00,BTCUSDT,71159.4,0.002,buy,2105186776
2024-03-28T13:29:10.090000+00:00,BTCUSDT,71159.3,0.004,sell,2105186777
2024-03-28T13:29:10.107000+00:00,BTCUSDT,71159.0,0.002,sell,2105186778
2024-03-28T13:29:10.107000+00:00,BTCUSDT,71158.9,0.002,sell,2105186779
2024-03-28T13:29:10.107000+00:00,BTCUSDT,71158.6,0.002,sell,2105186780
2024-03-28T13:29:10.107000+00:00,BTCUSDT,71158.5,0.004,sell,2105186781
2024-03-28T13:29:10.144000+00:00,BTCUSDT,71158.1,0.071,sell,2105186782
2024-03-28T13:29:10.171000+00:00,BTCUSDT,71158.2,0.105,buy,2105186783
2024-03-28T13:29:10.173000+00:00,BTCUSDT,71158.1,0.061,sell,2105186784
2024-03-28T13:29:10.173000+00:00,BTCUSDT,71157.8,0.002,sell,2105186785
2024-03-28T13:29:10.173000+00:00,BTCUSDT,71157.3,0.422,sell,2105186786
2024-03-28T13:29:10.173000+00:00,BTCUSDT,71157.2,1.238,sell,2105186787
2024-03-28T13:29:10.220000+00:00,BTCUSDT,71156.3,0.015,sell,2105186788
2024-03-28T13:29:10.220000+00:00,BTCUSDT,71156.0,0.138,sell,2105186789
2024-03-28T13:29:10.253000+00:00,BTCUSDT,71156.0,0.007,buy,2105186790
2024-03-28T13:29:10.260000+00:00,BTCUSDT,71155.9,0.002,sell,2105186791
2024-03-28T13:29:10.260000+00:00,BTCUSDT,71155.6,0.002,sell,2105186792
2024-03-28T13:29:10.260000+00:00,BTCUSDT,71155.2,0.007,sell,2105186793
2024-03-28T13:29:10.262000+00:00,BTCUSDT,71155.1,0.002,sell,2105186794
2024-03-28T13:29:10.262000+00:00,BTCUSDT,71155.0,0.002,sell,2105186795
2024-03-28T13:29:10.262000+00:00,BTCUSDT,71154.0,0.002,sell,2105186796
2024-03-28T13:29:10.262000+00:00,BTCUSDT,71153.1,0.002,sell,2105186797
2024-03-28T13:29:10.262000+00:00,BTCUSDT,71152.9,0.003,sell,2105186798
2024-03-28T13:29:10.262000+00:00,BTCUSDT,71152.4,0.002,sell,2105186799
2024-03-28T13:29:10.262000+00:00,BTCUSDT,71152.3,0.001,sell,2105186800
2024-03-28T13:29:10.289000+00:00,BTCUSDT,71152.3,0.057,buy,2105186801
2024-03-28T13:29:10.351000+00:00,BTCUSDT,71152.2,0.028,sell,2105186802
2024-03-28T13:29:10.399000+00:00,BTCUSDT,71152.3,0.051,buy,2105186803
2024-03-28T13:29:10.462000+00:00,BTCUSDT,71152.2,0.002,sell,2105186804
2024-03-28T13:29:10.497000+00:00,BTCUSDT,71152.3,1.466,buy,2105186805
2024-03-28T13:29:10.498000+00:00,BTCUSDT,71153.0,0.083,buy,2105186806
2024-03-28T13:29:10.508000+00:00,BTCUSDT,71154.0,0.002,buy,2105186807
2024-03-28T13:29:10.508000+00:00,BTCUSDT,71154.7,0.006,buy,2105186808
2024-03-28T13:29:10.508000+00:00,BTCUSDT,71154.9,0.012,buy,2105186809
2024-03-28T13:29:10.508000+00:00,BTCUSDT,71155.9,0.013,buy,2105186810
2024-03-28T13:29:10.508000+00:00,BTCUSDT,71156.0,0.002,buy,2105186811
2024-03-28T13:29:10.508000+00:00,BTCUSDT,71156.2,0.002,buy,2105186812
2024-03-28T13:29:10.508000+00:00,BTCUSDT,71156.4,0.002,buy,2105186813
2024-03-28T13:29:10.508000+00:00,BTCUSDT,71156.6,0.071,buy,2105186814
2024-03-28T13:29:10.514000+00:00,BTCUSDT,71156.5,0.012,sell,2105186815
2024-03-28T13:29:10.527000+00:00,BTCUSDT,71156.6,0.002,buy,2105186816
2024-03-28T13:29:10.527000+00:00,BTCUSDT,71157.3,0.031,buy,2105186817
2024-03-28T13:29:10.527000+00:00,BTCUSDT,71157.9,0.06,buy,2105186818
2024-03-28T13:29:10.529000+00:00,BTCUSDT,71158.0,0.15,buy,2105186819
2024-03-28T13:29:10.545000+00:00,BTCUSDT,71158.1,0.004,buy,2105186820
2024-03-28T13:29:10.545000+00:00,BTCUSDT,71158.2,0.032,buy,2105186821
2024-03-28T13:29:10.545000+00:00,BTCUSDT,71158.5,0.002,buy,2105186822
2024-03-28T13:29:10.545000+00:00,BTCUSDT,71159.7,0.002,buy,2105186823
2024-03-28T13:29:10.545000+00:00,BTCUSDT,71160.0,0.012,buy,2105186824
2024-03-28T13:29:10.545000+00:00,BTCUSDT,71160.1,0.002,buy,2105186825
2024-03-28T13:29:10.545000+00:00,BTCUSDT,71160.6,0.004,buy,2105186826
2024-03-28T13:29:10.545000+00:00,BTCUSDT,71160.9,0.01,buy,2105186827
2024-03-28T13:29:10.545000+00:00,BTCUSDT,71161.9,0.062,buy,2105186828
2024-03-28T13:29:10.545000+00:00,BTCUSDT,71162.0,0.002,buy,2105186829
2024-03-28T13:29:10.545000+00:00,BTCUSDT,71162.1,0.01,buy,2105186830
2024-03-28T13:29:10.545000+00:00,BTCUSDT,71162.7,0.002,buy,2105186831
2024-03-28T13:29:10.545000+00:00,BTCUSDT,71163.0,0.056,buy,2105186832
2024-03-28T13:29:10.545000+00:00,BTCUSDT,71163.6,0.557,buy,2105186833
2024-03-28T13:29:10.545000+00:00,BTCUSDT,71163.7,0.616,buy,2105186834
2024-03-28T13:29:10.545000+00:00,BTCUSDT,71163.8,0.15,buy,2105186835
2024-03-28T13:29:10.545000+00:00,BTCUSDT,71164.0,0.002,buy,2105186836
2024-03-28T13:29:10.545000+00:00,BTCUSDT,71164.2,0.002,buy,2105186837
2024-03-28T13:29:10.545000+00:00,BTCUSDT,71164.6,0.056,buy,2105186838
2024-03-28T13:29:10.545000+00:00,BTCUSDT,71164.7,0.6,buy,2105186839
2024-03-28T13:29:10.545000+00:00,BTCUSDT,71164.8,0.002,buy,2105186840
2024-03-28T13:29:10.545000+00:00,BTCUSDT,71165.2,0.028,buy,2105186841
2024-03-28T13:29:10.545000+00:00,BTCUSDT,71165.7,0.294,buy,2105186842
2024-03-28T13:29:10.545000+00:00,BTCUSDT,71165.9,0.013,buy,2105186843
2024-03-28T13:29:10.545000+00:00,BTCUSDT,71166.0,0.012,buy,2105186844
2024-03-28T13:29:10.545000+00:00,BTCUSDT,71166.5,0.183,buy,2105186845
2024-03-28T13:29:10.545000+00:00,BTCUSDT,71166.6,0.143,buy,2105186846
2024-03-28T13:29:10.545000+00:00,BTCUSDT,71166.7,0.64,buy,2105186847
2024-03-28T13:29:10.545000+00:00,BTCUSDT,71166.8,0.095,buy,2105186848
2024-03-28T13:29:10.545000+00:00,BTCUSDT,71166.9,0.002,buy,2105186849
2024-03-28T13:29:10.545000+00:00,BTCUSDT,71167.0,0.352,buy,2105186850
2024-03-28T13:29:10.545000+00:00,BTCUSDT,71167.1,1.03,buy,2105186851
2024-03-28T13:29:10.545000+00:00,BTCUSDT,71167.2,0.004,buy,2105186852
2024-03-28T13:29:10.545000+00:00,BTCUSDT,71167.3,0.005,buy,2105186853
2024-03-28T13:29:10.545000+00:00,BTCUSDT,71167.4,0.014,buy,2105186854
2024-03-28T13:29:10.588000+00:00,BTCUSDT,71166.7,0.002,sell,2105186855
2024-03-28T13:29:10.612000+00:00,BTCUSDT,71166.8,0.13,buy,2105186856
2024-03-28T13:29:10.631000+00:00,BTCUSDT,71167.7,0.016,buy,2105186857
2024-03-28T13:29:10.667000+00:00,BTCUSDT,71168.2,0.01,buy,2105186858
2024-03-28T13:29:10.667000+00:00,BTCUSDT,71168.4,0.368,buy,2105186859
2024-03-28T13:29:10.667000+00:00,BTCUSDT,71169.0,0.012,buy,2105186860
2024-03-28T13:29:10.667000+00:00,BTCUSDT,71169.3,0.002,buy,2105186861
2024-03-28T13:29:10.672000+00:00,BTCUSDT,71170.0,0.012,buy,2105186862
2024-03-28T13:29:10.672000+00:00,BTCUSDT,71170.6,0.759,buy,2105186863
2024-03-28T13:29:10.676000+00:00,BTCUSDT,71170.5,0.002,sell,2105186864
2024-03-28T13:29:10.722000+00:00,BTCUSDT,71170.7,0.011,buy,2105186865
2024-03-28T13:29:10.736000+00:00,BTCUSDT,71171.0,0.163,sell,2105186866
2024-03-28T13:29:10.796000+00:00,BTCUSDT,71171.1,0.002,buy,2105186867
2024-03-28T13:29:10.808000+00:00,BTCUSDT,71171.0,0.007,sell,2105186868
2024-03-28T13:29:10.809000+00:00,BTCUSDT,71171.1,0.033,buy,2105186869
2024-03-28T13:29:10.810000+00:00,BTCUSDT,71171.0,0.01,sell,2105186870
2024-03-28T13:29:10.895000+00:00,BTCUSDT,71171.1,0.021,buy,2105186871
2024-03-28T13:29:10.895000+00:00,BTCUSDT,71171.9,0.1,buy,2105186872
2024-03-28T13:29:10.897000+00:00,BTCUSDT,71171.8,0.004,sell,2105186873
2024-03-28T13:29:10.911000+00:00,BTCUSDT,71171.9,0.009,buy,2105186874
2024-03-28T13:29:10.911000+00:00,BTCUSDT,71172.3,0.003,buy,2105186875
2024-03-28T13:29:10.916000+00:00,BTCUSDT,71172.2,1.235,sell,2105186876
2024-03-28T13:29:11.086000+00:00,BTCUSDT,71172.2,0.005,sell,2105186877
2024-03-28T13:29:11.199000+00:00,BTCUSDT,71172.3,0.166,buy,2105186878
2024-03-28T13:29:11.312000+00:00,BTCUSDT,71172.2,0.026,sell,2105186879
2024-03-28T13:29:11.367000+00:00,BTCUSDT,71172.3,0.02,buy,2105186880
2024-03-28T13:29:11.467000+00:00,BTCUSDT,71172.2,0.141,sell,2105186881
2024-03-28T13:29:11.479000+00:00,BTCUSDT,71172.3,0.838,buy,2105186882
2024-03-28T13:29:11.617000+00:00,BTCUSDT,71172.2,0.002,sell,2105186883
2024-03-28T13:29:11.666000+00:00,BTCUSDT,71172.3,0.019,buy,2105186884
2024-03-28T13:29:11.674000+00:00,BTCUSDT,71172.2,0.566,sell,2105186885
2024-03-28T13:29:11.682000+00:00,BTCUSDT,71172.3,0.005,buy,2105186886
2024-03-28T13:29:11.701000+00:00,BTCUSDT,71172.2,0.123,sell,2105186887
2024-03-28T13:29:11.708000+00:00,BTCUSDT,71172.3,0.152,buy,2105186888
2024-03-28T13:29:11.736000+00:00,BTCUSDT,71172.2,0.02,sell,2105186889
2024-03-28T13:29:11.809000+00:00,BTCUSDT,71172.3,0.192,buy,2105186890
2024-03-28T13:29:11.848000+00:00,BTCUSDT,71172.2,0.564,sell,2105186891
2024-03-28T13:29:11.872000+00:00,BTCUSDT,71171.8,0.026,sell,2105186892
2024-03-28T13:29:11.872000+00:00,BTCUSDT,71171.1,0.002,sell,2105186893
2024-03-28T13:29:11.872000+00:00,BTCUSDT,71170.0,0.002,sell,2105186894
2024-03-28T13:29:11.872000+00:00,BTCUSDT,71169.1,0.002,sell,2105186895
2024-03-28T13:29:11.872000+00:00,BTCUSDT,71169.0,0.002,sell,2105186896
2024-03-28T13:29:11.872000+00:00,BTCUSDT,71168.5,0.09,sell,2105186897
2024-03-28T13:29:11.872000+00:00,BTCUSDT,71168.0,0.002,sell,2105186898
2024-03-28T13:29:11.872000+00:00,BTCUSDT,71167.3,0.002,sell,2105186899
2024-03-28T13:29:11.872000+00:00,BTCUSDT,71167.1,0.21,sell,2105186900
2024-03-28T13:29:11.880000+00:00,BTCUSDT,71165.7,0.002,sell,2105186901
2024-03-28T13:29:11.880000+00:00,BTCUSDT,71165.3,0.069,sell,2105186902
2024-03-28T13:29:11.880000+00:00,BTCUSDT,71165.0,0.002,sell,2105186903
2024-03-28T13:29:11.880000+00:00,BTCUSDT,71164.8,0.002,sell,2105186904
2024-03-28T13:29:11.884000+00:00,BTCUSDT,71164.7,0.098,buy,2105186905
2024-03-28T13:29:11.944000+00:00,BTCUSDT,71164.6,1.24,sell,2105186906
2024-03-28T13:29:11.944000+00:00,BTCUSDT,71164.0,0.002,sell,2105186907
2024-03-28T13:29:11.944000+00:00,BTCUSDT,71163.3,0.002,sell,2105186908
2024-03-28T13:29:11.944000+00:00,BTCUSDT,71162.7,0.002,sell,2105186909
2024-03-28T13:29:11.944000+00:00,BTCUSDT,71162.3,0.028,sell,2105186910
2024-03-28T13:29:11.944000+00:00,BTCUSDT,71162.2,0.078,sell,2105186911
2024-03-28T13:29:11.944000+00:00,BTCUSDT,71162.0,0.002,sell,2105186912
2024-03-28T13:29:11.944000+00:00,BTCUSDT,71161.9,0.002,sell,2105186913
2024-03-28T13:29:11.944000+00:00,BTCUSDT,71161.4,0.058,sell,2105186914
2024-03-28T13:29:11.944000+00:00,BTCUSDT,71160.9,0.143,sell,2105186915
2024-03-28T13:29:11.944000+00:00,BTCUSDT,71160.6,0.04,sell,2105186916
2024-03-28T13:29:11.944000+00:00,BTCUSDT,71160.5,0.067,sell,2105186917
2024-03-28T13:29:11.972000+00:00,BTCUSDT,71160.6,0.452,buy,2105186918
2024-03-28T13:29:12.062000+00:00,BTCUSDT,71160.5,0.14,sell,2105186919
2024-03-28T13:29:12.086000+00:00,BTCUSDT,71160.6,0.014,buy,2105186920
2024-03-28T13:29:12.122000+00:00,BTCUSDT,71162.0,0.002,buy,2105186921
2024-03-28T13:29:12.122000+00:00,BTCUSDT,71163.1,0.011,buy,2105186922
2024-03-28T13:29:12.122000+00:00,BTCUSDT,71163.9,0.007,buy,2105186923
2024-03-28T13:29:12.144000+00:00,BTCUSDT,71164.8,0.002,buy,2105186924
2024-03-28T13:29:12.144000+00:00,BTCUSDT,71166.0,0.012,buy,2105186925
2024-03-28T13:29:12.144000+00:00,BTCUSDT,71166.1,0.693,buy,2105186926
2024-03-28T13:29:12.188000+00:00,BTCUSDT,71166.0,0.028,sell,2105186927
2024-03-28T13:29:12.204000+00:00,BTCUSDT,71166.1,0.002,buy,2105186928
2024-03-28T13:29:12.204000+00:00,BTCUSDT,71166.0,0.049,sell,2105186929
2024-03-28T13:29:12.220000+00:00,BTCUSDT,71166.1,0.126,buy,2105186930
2024-03-28T13:29:12.251000+00:00,BTCUSDT,71166.0,0.119,sell,2105186931
2024-03-28T13:29:12.370000+00:00,BTCUSDT,71166.1,0.867,buy,2105186932
2024-03-28T13:29:12.400000+00:00,BTCUSDT,71166.0,0.011,sell,2105186933
2024-03-28T13:29:12.412000+00:00,BTCUSDT,71166.1,0.003,buy,2105186934
2024-03-28T13:29:12.468000+00:00,BTCUSDT,71166.0,0.156,sell,2105186935
2024-03-28T13:29:12.545000+00:00,BTCUSDT,71166.1,0.185,buy,2105186936
2024-03-28T13:29:12.624000+00:00,BTCUSDT,71166.0,0.068,sell,2105186937
2024-03-28T13:29:12.650000+00:00,BTCUSDT,71166.1,0.323,buy,2105186938
2024-03-28T13:29:12.679000+00:00,BTCUSDT,71166.0,0.018,sell,2105186939
2024-03-28T13:29:12.740000+00:00,BTCUSDT,71166.1,0.159,buy,2105186940
2024-03-28T13:29:12.787000+00:00,BTCUSDT,71166.0,0.148,sell,2105186941
2024-03-28T13:29:12.906000+00:00,BTCUSDT,71166.0,0.053,sell,2105186942
2024-03-28T13:29:13.008000+00:00,BTCUSDT,71166.1,0.013,buy,2105186943
2024-03-28T13:29:13.040000+00:00,BTCUSDT,71166.0,0.091,sell,2105186944
2024-03-28T13:29:13.156000+00:00,BTCUSDT,71166.0,0.13,sell,2105186945
2024-03-28T13:29:13.276000+00:00,BTCUSDT,71166.1,0.002,buy,2105186946
2024-03-28T13:29:13.277000+00:00,BTCUSDT,71166.0,0.037,sell,2105186947
2024-03-28T13:29:13.303000+00:00,BTCUSDT,71166.1,0.663,buy,2105186948
2024-03-28T13:29:13.444000+00:00,BTCUSDT,71166.0,0.016,sell,2105186949
2024-03-28T13:29:13.462000+00:00,BTCUSDT,71166.1,0.017,buy,2105186950
2024-03-28T13:29:13.507000+00:00,BTCUSDT,71166.0,0.047,sell,2105186951
2024-03-28T13:29:13.571000+00:00,BTCUSDT,71166.1,0.031,buy,2105186952
2024-03-28T13:29:13.643000+00:00,BTCUSDT,71166.0,0.079,sell,2105186953
2024-03-28T13:29:13.710000+00:00,BTCUSDT,71165.9,0.002,sell,2105186954
2024-03-28T13:29:13.710000+00:00,BTCUSDT,71164.5,0.002,sell,2105186955
2024-03-28T13:29:13.710000+00:00,BTCUSDT,71164.0,0.033,sell,2105186956
2024-03-28T13:29:13.710000+00:00,BTCUSDT,71163.9,0.002,sell,2105186957
2024-03-28T13:29:13.710000+00:00,BTCUSDT,71162.5,0.002,sell,2105186958
2024-03-28T13:29:13.710000+00:00,BTCUSDT,71162.1,0.002,sell,2105186959
2024-03-28T13:29:13.710000+00:00,BTCUSDT,71162.0,0.004,sell,2105186960
2024-03-28T13:29:13.710000+00:00,BTCUSDT,71161.7,0.002,sell,2105186961
2024-03-28T13:29:13.710000+00:00,BTCUSDT,71160.5,0.092,sell,2105186962
2024-03-28T13:29:13.710000+00:00,BTCUSDT,71160.2,0.01,sell,2105186963
2024-03-28T13:29:13.710000+00:00,BTCUSDT,71160.0,0.121,sell,2105186964
2024-03-28T13:29:13.710000+00:00,BTCUSDT,71159.3,0.026,sell,2105186965
2024-03-28T13:29:13.710000+00:00,BTCUSDT,71158.8,0.028,sell,2105186966
2024-03-28T13:29:13.710000+00:00,BTCUSDT,71158.7,0.01,sell,2105186967
2024-03-28T13:29:13.710000+00:00,BTCUSDT,71158.6,0.002,sell,2105186968
2024-03-28T13:29:13.710000+00:00,BTCUSDT,71158.5,0.004,sell,2105186969
2024-03-28T13:29:13.710000+00:00,BTCUSDT,71158.2,0.056,sell,2105186970
2024-03-28T13:29:13.710000+00:00,BTCUSDT,71158.0,0.006,sell,2105186971
2024-03-28T13:29:13.710000+00:00,BTCUSDT,71156.8,0.015,sell,2105186972
2024-03-28T13:29:13.711000+00:00,BTCUSDT,71156.7,0.007,sell,2105186973
2024-03-28T13:29:13.724000+00:00,BTCUSDT,71156.8,0.007,buy,2105186974
2024-03-28T13:29:13.727000+00:00,BTCUSDT,71156.7,0.041,sell,2105186975
2024-03-28T13:29:13.773000+00:00,BTCUSDT,71156.8,0.148,buy,2105186976
2024-03-28T13:29:13.777000+00:00,BTCUSDT,71156.7,0.094,sell,2105186977
2024-03-28T13:29:13.940000+00:00,BTCUSDT,71156.7,0.025,sell,2105186978
2024-03-28T13:29:13.947000+00:00,BTCUSDT,71156.8,0.118,buy,2105186979
2024-03-28T13:29:13.976000+00:00,BTCUSDT,71157.5,0.006,buy,2105186980
2024-03-28T13:29:13.995000+00:00,BTCUSDT,71157.9,0.731,sell,2105186981
2024-03-28T13:29:13.995000+00:00,BTCUSDT,71158.0,0.002,buy,2105186982
2024-03-28T13:29:13.995000+00:00,BTCUSDT,71158.5,0.002,buy,2105186983
2024-03-28T13:29:13.995000+00:00,BTCUSDT,71159.2,0.002,buy,2105186984
2024-03-28T13:29:14.011000+00:00,BTCUSDT,71159.3,0.004,sell,2105186985
2024-03-28T13:29:14.036000+00:00,BTCUSDT,71159.4,0.006,buy,2105186986
2024-03-28T13:29:14.036000+00:00,BTCUSDT,71160.0,0.002,buy,2105186987
2024-03-28T13:29:14.036000+00:00,BTCUSDT,71160.2,0.01,buy,2105186988
2024-03-28T13:29:14.036000+00:00,BTCUSDT,71160.6,0.002,buy,2105186989
2024-03-28T13:29:14.036000+00:00,BTCUSDT,71161.3,0.017,buy,2105186990
2024-03-28T13:29:14.040000+00:00,BTCUSDT,71161.3,0.89,sell,2105186991
2024-03-28T13:29:14.077000+00:00,BTCUSDT,71161.4,0.007,buy,2105186992
2024-03-28T13:29:14.077000+00:00,BTCUSDT,71161.3,0.111,sell,2105186993
2024-03-28T13:29:14.084000+00:00,BTCUSDT,71161.4,0.012,buy,2105186994
2024-03-28T13:29:14.097000+00:00,BTCUSDT,71161.3,0.159,sell,2105186995
2024-03-28T13:29:14.161000+00:00,BTCUSDT,71161.4,0.01,buy,2105186996
2024-03-28T13:29:14.272000+00:00,BTCUSDT,71161.3,0.003,sell,2105186997
2024-03-28T13:29:14.274000+00:00,BTCUSDT,71161.4,0.6,buy,2105186998
2024-03-28T13:29:14.310000+00:00,BTCUSDT,71161.3,0.068,sell,2105186999
2024-03-28T13:29:14.314000+00:00,BTCUSDT,71161.4,0.028,buy,2105187000
2024-03-28T13:29:14.324000+00:00,BTCUSDT,71161.3,0.084,sell,2105187001
2024-03-28T13:29:14.348000+00:00,BTCUSDT,71161.4,0.037,buy,2105187002
2024-03-28T13:29:14.391000+00:00,BTCUSDT,71161.3,0.514,sell,2105187003
2024-03-28T13:29:14.504000+00:00,BTCUSDT,71161.4,0.011,buy,2105187004
2024-03-28T13:29:14.527000+00:00,BTCUSDT,71161.3,0.012,sell,2105187005
2024-03-28T13:29:14.686000+00:00,BTCUSDT,71161.4,0.003,buy,2105187006
2024-03-28T13:29:14.706000+00:00,BTCUSDT,71161.3,0.114,sell,2105187007
2024-03-28T13:29:14.759000+00:00,BTCUSDT,71161.4,0.04,buy,2105187008
2024-03-28T13:29:14.773000+00:00,BTCUSDT,71161.3,0.014,sell,2105187009
2024-03-28T13:29:14.807000+00:00,BTCUSDT,71161.4,0.038,buy,2105187010
2024-03-28T13:29:14.817000+00:00,BTCUSDT,71161.3,0.004,sell,2105187011
2024-03-28T13:29:14.859000+00:00,BTCUSDT,71161.4,0.002,buy,2105187012
2024-03-28T13:29:14.862000+00:00,BTCUSDT,71161.3,0.631,sell,2105187013
2024-03-28T13:29:14.900000+00:00,BTCUSDT,71160.8,0.06,sell,2105187014
2024-03-28T13:29:14.900000+00:00,BTCUSDT,71160.0,0.002,sell,2105187015
2024-03-28T13:29:14.901000+00:00,BTCUSDT,71159.4,0.114,sell,2105187016
2024-03-28T13:29:14.901000+00:00,BTCUSDT,71159.3,0.002,sell,2105187017
2024-03-28T13:29:14.901000+00:00,BTCUSDT,71159.0,0.002,sell,2105187018
2024-03-28T13:29:14.901000+00:00,BTCUSDT,71158.7,0.002,sell,2105187019
2024-03-28T13:29:14.901000+00:00,BTCUSDT,71158.5,0.002,sell,2105187020
2024-03-28T13:29:14.901000+00:00,BTCUSDT,71158.0,0.352,sell,2105187021
2024-03-28T13:29:14.901000+00:00,BTCUSDT,71157.9,0.704,sell,2105187022
2024-03-28T13:29:14.929000+00:00,BTCUSDT,71156.9,0.1,buy,2105187023
2024-03-28T13:29:14.940000+00:00,BTCUSDT,71156.8,0.042,sell,2105187024
2024-03-28T13:29:14.950000+00:00,BTCUSDT,71156.6,0.042,sell,2105187025
2024-03-28T13:29:14.950000+00:00,BTCUSDT,71156.5,0.405,sell,2105187026
2024-03-28T13:29:14.950000+00:00,BTCUSDT,71156.0,0.002,sell,2105187027
2024-03-28T13:29:14.950000+00:00,BTCUSDT,71155.2,0.002,sell,2105187028
2024-03-28T13:29:14.950000+00:00,BTCUSDT,71155.1,0.002,sell,2105187029
2024-03-28T13:29:14.950000+00:00,BTCUSDT,71155.0,0.002,sell,2105187030
2024-03-28T13:29:14.955000+00:00,BTCUSDT,71154.3,0.002,sell,2105187031
2024-03-28T13:29:14.955000+00:00,BTCUSDT,71154.1,0.002,sell,2105187032
2024-03-28T13:29:14.955000+00:00,BTCUSDT,71154.0,0.002,sell,2105187033
2024-03-28T13:29:15.017000+00:00,BTCUSDT,71153.2,0.018,sell,2105187034
2024-03-28T13:29:15.042000+00:00,BTCUSDT,71152.2,0.015,sell,2105187035
2024-03-28T13:29:15.053000+00:00,BTCUSDT,71152.3,0.05,buy,2105187036
2024-03-28T13:29:15.058000+00:00,BTCUSDT,71152.2,0.135,sell,2105187037
2024-03-28T13:29:15.089000+00:00,BTCUSDT,71151.3,0.23,sell,2105187038
2024-03-28T13:29:15.089000+00:00,BTCUSDT,71150.5,0.031,sell,2105187039
2024-03-28T13:29:15.091000+00:00,BTCUSDT,71150.0,0.227,sell,2105187040
2024-03-28T13:29:15.133000+00:00,BTCUSDT,71150.1,0.026,buy,2105187041
2024-03-28T13:29:15.255000+00:00,BTCUSDT,71150.1,0.039,buy,2105187042
2024-03-28T13:29:15.285000+00:00,BTCUSDT,71150.0,0.014,sell,2105187043
2024-03-28T13:29:15.388000+00:00,BTCUSDT,71150.0,0.028,sell,2105187044
2024-03-28T13:29:15.390000+00:00,BTCUSDT,71150.1,0.068,buy,2105187045
2024-03-28T13:29:15.401000+00:00,BTCUSDT,71150.0,0.073,sell,2105187046
2024-03-28T13:29:15.441000+00:00,BTCUSDT,71150.1,0.5,buy,2105187047
2024-03-28T13:29:15.478000+00:00,BTCUSDT,71150.0,0.005,sell,2105187048
2024-03-28T13:29:15.507000+00:00,BTCUSDT,71150.1,0.021,buy,2105187049
2024-03-28T13:29:15.516000+00:00,BTCUSDT,71150.0,0.028,sell,2105187050
2024-03-28T13:29:15.599000+00:00,BTCUSDT,71150.1,0.024,buy,2105187051
2024-03-28T13:29:15.733000+00:00,BTCUSDT,71150.1,0.033,buy,2105187052
2024-03-28T13:29:15.820000+00:00,BTCUSDT,71150.0,0.048,sell,2105187053
2024-03-28T13:29:15.947000+00:00,BTCUSDT,71150.0,0.006,sell,2105187054
2024-03-28T13:29:15.965000+00:00,BTCUSDT,71150.1,0.1,buy,2105187055
2024-03-28T13:29:15.967000+00:00,BTCUSDT,71150.0,0.061,sell,2105187056
2024-03-28T13:29:16.215000+00:00,BTCUSDT,71150.0,0.2,sell,2105187057
2024-03-28T13:29:16.240000+00:00,BTCUSDT,71150.1,0.016,buy,2105187058
2024-03-28T13:29:16.304000+00:00,BTCUSDT,71150.0,0.087,sell,2105187059
2024-03-28T13:29:16.304000+00:00,BTCUSDT,71149.9,0.002,sell,2105187060
2024-03-28T13:29:16.304000+00:00,BTCUSDT,71149.3,0.005,sell,2105187061
2024-03-28T13:29:16.304000+00:00,BTCUSDT,71148.4,0.003,sell,2105187062
2024-03-28T13:29:16.304000+00:00,BTCUSDT,71148.3,0.002,sell,2105187063
2024-03-28T13:29:16.304000+00:00,BTCUSDT,71148.1,0.087,sell,2105187064
2024-03-28T13:29:16.328000+00:00,BTCUSDT,71148.1,0.01,buy,2105187065
2024-03-28T13:29:16.368000+00:00,BTCUSDT,71148.0,0.47,sell,2105187066
2024-03-28T13:29:16.376000+00:00,BTCUSDT,71147.7,0.002,sell,2105187067
2024-03-28T13:29:16.376000+00:00,BTCUSDT,71147.2,0.007,sell,2105187068
2024-03-28T13:29:16.376000+00:00,BTCUSDT,71147.1,0.094,sell,2105187069
2024-03-28T13:29:16.378000+00:00,BTCUSDT,71146.1,0.035,sell,2105187070
2024-03-28T13:29:16.381000+00:00,BTCUSDT,71146.0,0.007,sell,2105187071
2024-03-28T13:29:16.381000+00:00,BTCUSDT,71145.9,0.002,sell,2105187072
2024-03-28T13:29:16.381000+00:00,BTCUSDT,71145.6,0.002,sell,2105187073
2024-03-28T13:29:16.381000+00:00,BTCUSDT,71145.5,0.002,sell,2105187074
2024-03-28T13:29:16.381000+00:00,BTCUSDT,71145.1,0.012,sell,2105187075
2024-03-28T13:29:16.381000+00:00,BTCUSDT,71145.0,0.07,sell,2105187076
2024-03-28T13:29:16.403000+00:00,BTCUSDT,71144.3,0.002,sell,2105187077
2024-03-28T13:29:16.403000+00:00,BTCUSDT,71144.0,0.002,sell,2105187078
2024-03-28T13:29:16.403000+00:00,BTCUSDT,71143.9,0.062,sell,2105187079
2024-03-28T13:29:16.403000+00:00,BTCUSDT,71143.8,0.002,sell,2105187080
2024-03-28T13:29:16.403000+00:00,BTCUSDT,71143.6,0.004,sell,2105187081
2024-03-28T13:29:16.408000+00:00,BTCUSDT,71142.0,0.002,sell,2105187082
2024-03-28T13:29:16.408000+00:00,BTCUSDT,71141.7,0.002,sell,2105187083
2024-03-28T13:29:16.408000+00:00,BTCUSDT,71141.6,0.002,sell,2105187084
2024-03-28T13:29:16.414000+00:00,BTCUSDT,71141.3,0.006,sell,2105187085
2024-03-28T13:29:16.414000+00:00,BTCUSDT,71141.1,0.002,sell,2105187086
2024-03-28T13:29:16.414000+00:00,BTCUSDT,71140.8,0.002,sell,2105187087
2024-03-28T13:29:16.420000+00:00,BTCUSDT,71140.2,0.735,buy,2105187088
2024-03-28T13:29:16.426000+00:00,BTCUSDT,71140.1,0.15,sell,2105187089
2024-03-28T13:29:16.428000+00:00,BTCUSDT,71140.0,0.142,sell,2105187090
2024-03-28T13:29:16.428000+00:00,BTCUSDT,71139.6,0.002,sell,2105187091
2024-03-28T13:29:16.428000+00:00,BTCUSDT,71139.5,0.002,sell,2105187092
2024-03-28T13:29:16.448000+00:00,BTCUSDT,71138.6,0.002,sell,2105187093
2024-03-28T13:29:16.448000+00:00,BTCUSDT,71138.2,0.004,sell,2105187094
2024-03-28T13:29:16.455000+00:00,BTCUSDT,71138.0,0.029,sell,2105187095
2024-03-28T13:29:16.455000+00:00,BTCUSDT,71137.5,0.004,sell,2105187096
2024-03-28T13:29:16.455000+00:00,BTCUSDT,71137.1,0.002,sell,2105187097
2024-03-28T13:29:16.455000+00:00,BTCUSDT,71137.0,0.02,sell,2105187098
2024-03-28T13:29:16.478000+00:00,BTCUSDT,71136.0,0.03,sell,2105187099
2024-03-28T13:29:16.486000+00:00,BTCUSDT,71135.7,0.002,sell,2105187100
2024-03-28T13:29:16.486000+00:00,BTCUSDT,71135.6,0.002,sell,2105187101
2024-03-28T13:29:16.486000+00:00,BTCUSDT,71135.4,0.002,sell,2105187102
2024-03-28T13:29:16.486000+00:00,BTCUSDT,71135.0,0.01,sell,2105187103
2024-03-28T13:29:16.486000+00:00,BTCUSDT,71134.8,0.002,sell,2105187104
2024-03-28T13:29:16.486000+00:00,BTCUSDT,71134.7,0.002,sell,2105187105
2024-03-28T13:29:16.486000+00:00,BTCUSDT,71134.2,0.009,sell,2105187106
2024-03-28T13:29:16.486000+00:00,BTCUSDT,71134.0,0.012,sell,2105187107
2024-03-28T13:29:16.486000+00:00,BTCUSDT,71133.8,0.002,sell,2105187108
2024-03-28T13:29:16.486000+00:00,BTCUSDT,71133.6,0.002,sell,2105187109
2024-03-28T13:29:16.486000+00:00,BTCUSDT,71133.3,0.009,sell,2105187110
2024-03-28T13:29:16.486000+00:00,BTCUSDT,71133.0,0.01,sell,2105187111
2024-03-28T13:29:16.486000+00:00,BTCUSDT,71132.4,0.019,sell,2105187112
2024-03-28T13:29:16.570000+00:00,BTCUSDT,71132.3,0.223,sell,2105187113
2024-03-28T13:29:16.646000+00:00,BTCUSDT,71132.4,2.539,buy,2105187114
2024-03-28T13:29:16.792000+00:00,BTCUSDT,71132.3,0.04,sell,2105187115
2024-03-28T13:29:16.827000+00:00,BTCUSDT,71132.4,0.026,buy,2105187116
2024-03-28T13:29:17.019000+00:00,BTCUSDT,71132.3,0.005,sell,2105187117
2024-03-28T13:29:17.019000+00:00,BTCUSDT,71132.2,0.002,sell,2105187118
2024-03-28T13:29:17.019000+00:00,BTCUSDT,71132.1,0.002,sell,2105187119
2024-03-28T13:29:17.019000+00:00,BTCUSDT,71131.8,0.009,sell,2105187120
2024-03-28T13:29:17.019000+00:00,BTCUSDT,71131.4,0.056,sell,2105187121
2024-03-28T13:29:17.019000+00:00,BTCUSDT,71131.2,0.003,sell,2105187122
2024-03-28T13:29:17.019000+00:00,BTCUSDT,71131.0,0.01,sell,2105187123
2024-03-28T13:29:17.019000+00:00,BTCUSDT,71130.9,0.021,sell,2105187124
2024-03-28T13:29:17.019000+00:00,BTCUSDT,71130.7,0.005,sell,2105187125
2024-03-28T13:29:17.019000+00:00,BTCUSDT,71130.6,0.002,sell,2105187126
2024-03-28T13:29:17.019000+00:00,BTCUSDT,71130.2,0.002,sell,2105187127
2024-03-28T13:29:17.019000+00:00,BTCUSDT,71130.1,0.014,sell,2105187128
2024-03-28T13:29:17.019000+00:00,BTCUSDT,71130.0,0.014,sell,2105187129
2024-03-28T13:29:17.019000+00:00,BTCUSDT,71129.9,0.216,sell,2105187130
2024-03-28T13:29:17.128000+00:00,BTCUSDT,71130.0,0.013,buy,2105187131
2024-03-28T13:29:17.145000+00:00,BTCUSDT,71129.9,0.008,sell,2105187132
2024-03-28T13:29:17.270000+00:00,BTCUSDT,71129.9,0.216,sell,2105187133
2024-03-28T13:29:17.296000+00:00,BTCUSDT,71130.0,0.51,buy,2105187134
2024-03-28T13:29:17.315000+00:00,BTCUSDT,71129.9,0.038,sell,2105187135
2024-03-28T13:29:17.397000+00:00,BTCUSDT,71129.6,0.002,sell,2105187136
2024-03-28T13:29:17.397000+00:00,BTCUSDT,71129.2,0.056,sell,2105187137
2024-03-28T13:29:17.397000+00:00,BTCUSDT,71129.0,0.01,sell,2105187138
2024-03-28T13:29:17.397000+00:00,BTCUSDT,71128.5,1.337,sell,2105187139
2024-03-28T13:29:17.416000+00:00,BTCUSDT,71128.3,0.025,buy,2105187140
2024-03-28T13:29:17.467000+00:00,BTCUSDT,71128.2,0.098,sell,2105187141
2024-03-28T13:29:17.489000+00:00,BTCUSDT,71128.0,0.006,sell,2105187142
2024-03-28T13:29:17.489000+00:00,BTCUSDT,71127.9,1.293,sell,2105187143
2024-03-28T13:29:17.489000+00:00,BTCUSDT,71127.8,5.0,sell,2105187144
2024-03-28T13:29:17.490000+00:00,BTCUSDT,71127.7,0.002,sell,2105187145
2024-03-28T13:29:17.490000+00:00,BTCUSDT,71127.1,0.016,sell,2105187146
2024-03-28T13:29:17.490000+00:00,BTCUSDT,71127.0,0.014,sell,2105187147
2024-03-28T13:29:17.490000+00:00,BTCUSDT,71126.9,0.026,sell,2105187148
2024-03-28T13:29:17.490000+00:00,BTCUSDT,71126.8,1.021,sell,2105187149
2024-03-28T13:29:17.500000+00:00,BTCUSDT,71126.9,0.03,buy,2105187150
2024-03-28T13:29:17.506000+00:00,BTCUSDT,71126.8,3.182,sell,2105187151
2024-03-28T13:29:17.534000+00:00,BTCUSDT,71126.7,0.002,sell,2105187152
2024-03-28T13:29:17.534000+00:00,BTCUSDT,71126.6,0.028,sell,2105187153
2024-03-28T13:29:17.534000+00:00,BTCUSDT,71126.5,0.002,sell,2105187154
2024-03-28T13:29:17.534000+00:00,BTCUSDT,71126.2,0.002,sell,2105187155
2024-03-28T13:29:17.534000+00:00,BTCUSDT,71126.0,0.012,sell,2105187156
2024-03-28T13:29:17.535000+00:00,BTCUSDT,71125.5,0.016,sell,2105187157
2024-03-28T13:29:17.545000+00:00,BTCUSDT,71125.0,0.004,sell,2105187158
2024-03-28T13:29:17.545000+00:00,BTCUSDT,71124.9,0.02,sell,2105187159
2024-03-28T13:29:17.545000+00:00,BTCUSDT,71124.7,0.002,sell,2105187160
2024-03-28T13:29:17.545000+00:00,BTCUSDT,71124.6,0.022,sell,2105187161
2024-03-28T13:29:17.545000+00:00,BTCUSDT,71124.3,0.002,sell,2105187162
2024-03-28T13:29:17.545000+00:00,BTCUSDT,71124.1,0.431,sell,2105187163
2024-03-28T13:29:17.545000+00:00,BTCUSDT,71124.0,0.012,sell,2105187164
2024-03-28T13:29:17.547000+00:00,BTCUSDT,71124.0,0.07,buy,2105187165
2024-03-28T13:29:17.554000+00:00,BTCUSDT,71123.9,0.003,sell,2105187166
2024-03-28T13:29:17.554000+00:00,BTCUSDT,71123.0,0.01,sell,2105187167
2024-03-28T13:29:17.554000+00:00,BTCUSDT,71122.9,0.004,sell,2105187168
2024-03-28T13:29:17.554000+00:00,BTCUSDT,71122.8,0.002,sell,2105187169
2024-03-28T13:29:17.554000+00:00,BTCUSDT,71122.7,0.004,sell,2105187170
2024-03-28T13:29:17.554000+00:00,BTCUSDT,71122.5,0.002,sell,2105187171
2024-03-28T13:29:17.554000+00:00,BTCUSDT,71122.4,0.039,sell,2105187172
2024-03-28T13:29:17.621000+00:00,BTCUSDT,71121.8,0.24,sell,2105187173
2024-03-28T13:29:17.671000+00:00,BTCUSDT,71121.2,0.197,sell,2105187174
2024-03-28T13:29:17.676000+00:00,BTCUSDT,71120.7,0.002,sell,2105187175
2024-03-28T13:29:17.676000+00:00,BTCUSDT,71120.6,0.028,sell,2105187176
2024-03-28T13:29:17.676000+00:00,BTCUSDT,71120.3,0.002,sell,2105187177
2024-03-28T13:29:17.676000+00:00,BTCUSDT,71120.0,0.031,sell,2105187178
2024-03-28T13:29:17.676000+00:00,BTCUSDT,71119.8,0.002,sell,2105187179
2024-03-28T13:29:17.676000+00:00,BTCUSDT,71119.5,0.003,sell,2105187180
2024-03-28T13:29:17.676000+00:00,BTCUSDT,71119.1,0.002,sell,2105187181
2024-03-28T13:29:17.676000+00:00,BTCUSDT,71118.8,0.028,sell,2105187182
2024-03-28T13:29:17.676000+00:00,BTCUSDT,71118.6,0.002,sell,2105187183
2024-03-28T13:29:17.676000+00:00,BTCUSDT,71118.4,0.028,sell,2105187184
2024-03-28T13:29:17.676000+00:00,BTCUSDT,71118.2,0.056,sell,2105187185
2024-03-28T13:29:17.676000+00:00,BTCUSDT,71118.1,0.002,sell,2105187186
2024-03-28T13:29:17.676000+00:00,BTCUSDT,71118.0,0.077,sell,2105187187
2024-03-28T13:29:17.676000+00:00,BTCUSDT,71117.8,0.267,sell,2105187188
2024-03-28T13:29:17.676000+00:00,BTCUSDT,71117.7,0.031,sell,2105187189
2024-03-28T13:29:17.676000+00:00,BTCUSDT,71117.6,0.006,sell,2105187190
2024-03-28T13:29:17.676000+00:00,BTCUSDT,71117.4,0.011,sell,2105187191
2024-03-28T13:29:17.676000+00:00,BTCUSDT,71117.3,0.003,sell,2105187192
2024-03-28T13:29:17.676000+00:00,BTCUSDT,71117.2,0.003,sell,2105187193
2024-03-28T13:29:17.676000+00:00,BTCUSDT,71117.0,0.002,sell,2105187194
2024-03-28T13:29:17.676000+00:00,BTCUSDT,71116.7,0.002,sell,2105187195
2024-03-28T13:29:17.676000+00:00,BTCUSDT,71116.6,0.309,sell,2105187196
2024-03-28T13:29:17.689000+00:00,BTCUSDT,71116.6,0.003,buy,2105187197
2024-03-28T13:29:17.692000+00:00,BTCUSDT,71116.5,0.018,sell,2105187198
2024-03-28T13:29:17.704000+00:00,BTCUSDT,71116.6,2.01,buy,2105187199
2024-03-28T13:29:17.728000+00:00,BTCUSDT,71117.2,0.218,sell,2105187200
2024-03-28T13:29:17.728000+00:00,BTCUSDT,71117.3,0.008,buy,2105187201
2024-03-28T13:29:17.728000+00:00,BTCUSDT,71118.0,0.002,buy,2105187202
2024-03-28T13:29:17.728000+00:00,BTCUSDT,71118.1,0.695,buy,2105187203
2024-03-28T13:29:17.765000+00:00,BTCUSDT,71120.0,0.002,buy,2105187204
2024-03-28T13:29:17.768000+00:00,BTCUSDT,71121.1,0.01,sell,2105187205
2024-03-28T13:29:17.769000+00:00,BTCUSDT,71121.2,0.002,buy,2105187206
2024-03-28T13:29:17.773000+00:00,BTCUSDT,71121.7,0.274,sell,2105187207
2024-03-28T13:29:17.785000+00:00,BTCUSDT,71121.9,0.038,buy,2105187208
2024-03-28T13:29:17.804000+00:00,BTCUSDT,71122.6,0.008,buy,2105187209
2024-03-28T13:29:17.804000+00:00,BTCUSDT,71122.9,0.002,buy,2105187210
2024-03-28T13:29:17.804000+00:00,BTCUSDT,71124.0,0.002,buy,2105187211
2024-03-28T13:29:17.804000+00:00,BTCUSDT,71124.5,0.004,buy,2105187212
2024-03-28T13:29:17.807000+00:00,BTCUSDT,71124.7,0.084,sell,2105187213
2024-03-28T13:29:17.833000+00:00,BTCUSDT,71124.8,0.016,buy,2105187214
2024-03-28T13:29:17.845000+00:00,BTCUSDT,71125.2,0.006,buy,2105187215
2024-03-28T13:29:17.845000+00:00,BTCUSDT,71126.0,0.002,buy,2105187216
2024-03-28T13:29:17.845000+00:00,BTCUSDT,71126.4,0.162,buy,2105187217
2024-03-28T13:29:17.845000+00:00,BTCUSDT,71126.9,0.303,buy,2105187218
2024-03-28T13:29:17.848000+00:00,BTCUSDT,71127.0,0.004,buy,2105187219
2024-03-28T13:29:17.848000+00:00,BTCUSDT,71127.1,0.002,buy,2105187220
2024-03-28T13:29:17.873000+00:00,BTCUSDT,71128.0,0.004,buy,2105187221
2024-03-28T13:29:17.873000+00:00,BTCUSDT,71128.3,0.002,buy,2105187222
2024-03-28T13:29:17.873000+00:00,BTCUSDT,71129.0,0.002,buy,2105187223
2024-03-28T13:29:17.873000+00:00,BTCUSDT,71129.1,0.002,buy,2105187224
2024-03-28T13:29:17.873000+00:00,BTCUSDT,71129.3,0.041,buy,2105187225
2024-03-28T13:29:17.876000+00:00,BTCUSDT,71129.9,0.159,sell,2105187226
2024-03-28T13:29:17.911000+00:00,BTCUSDT,71130.0,0.164,buy,2105187227
2024-03-28T13:29:17.911000+00:00,BTCUSDT,71130.2,0.01,buy,2105187228
2024-03-28T13:29:17.911000+00:00,BTCUSDT,71130.9,0.004,buy,2105187229
2024-03-28T13:29:17.915000+00:00,BTCUSDT,71132.0,0.002,buy,2105187230
2024-03-28T13:29:17.915000+00:00,BTCUSDT,71132.5,0.006,buy,2105187231
2024-03-28T13:29:17.955000+00:00,BTCUSDT,71133.6,0.022,buy,2105187232
2024-03-28T13:29:17.956000+00:00,BTCUSDT,71133.5,0.308,sell,2105187233
2024-03-28T13:29:17.956000+00:00,BTCUSDT,71133.6,0.014,buy,2105187234
2024-03-28T13:29:17.964000+00:00,BTCUSDT,71133.8,0.025,buy,2105187235
2024-03-28T13:29:17.970000+00:00,BTCUSDT,71133.9,0.024,buy,2105187236
2024-03-28T13:29:18.020000+00:00,BTCUSDT,71133.8,0.084,sell,2105187237
2024-03-28T13:29:18.059000+00:00,BTCUSDT,71133.9,0.17,buy,2105187238
2024-03-28T13:29:18.066000+00:00,BTCUSDT,71133.8,1.979,sell,2105187239
2024-03-28T13:29:18.097000+00:00,BTCUSDT,71133.9,0.516,buy,2105187240
2024-03-28T13:29:18.102000+00:00,BTCUSDT,71133.8,0.097,sell,2105187241
2024-03-28T13:29:18.204000+00:00,BTCUSDT,71133.8,0.016,sell,2105187242
2024-03-28T13:29:18.286000+00:00,BTCUSDT,71133.9,0.11,buy,2105187243
2024-03-28T13:29:18.302000+00:00,BTCUSDT,71133.8,0.012,sell,2105187244
2024-03-28T13:29:18.370000+00:00,BTCUSDT,71133.9,0.147,buy,2105187245
2024-03-28T13:29:18.376000+00:00,BTCUSDT,71133.8,0.024,sell,2105187246
2024-03-28T13:29:18.416000+00:00,BTCUSDT,71133.9,0.01,buy,2105187247
2024-03-28T13:29:18.423000+00:00,BTCUSDT,71133.8,0.005,sell,2105187248
2024-03-28T13:29:18.428000+00:00,BTCUSDT,71133.9,1.195,buy,2105187249
2024-03-28T13:29:18.445000+00:00,BTCUSDT,71135.1,2.03,sell,2105187250
2024-03-28T13:29:18.547000+00:00,BTCUSDT,71135.1,0.015,sell,2105187251
2024-03-28T13:29:18.548000+00:00,BTCUSDT,71135.2,0.11,buy,2105187252
2024-03-28T13:29:18.560000+00:00,BTCUSDT,71135.1,0.072,sell,2105187253
2024-03-28T13:29:18.614000+00:00,BTCUSDT,71135.2,0.007,buy,2105187254
2024-03-28T13:29:18.648000+00:00,BTCUSDT,71135.1,0.014,sell,2105187255
2024-03-28T13:29:18.732000+00:00,BTCUSDT,71135.2,0.088,buy,2105187256
2024-03-28T13:29:18.743000+00:00,BTCUSDT,71135.1,0.063,sell,2105187257
2024-03-28T13:29:18.747000+00:00,BTCUSDT,71135.2,0.275,buy,2105187258
2024-03-28T13:29:18.782000+00:00,BTCUSDT,71135.1,0.002,sell,2105187259
2024-03-28T13:29:18.785000+00:00,BTCUSDT,71135.2,0.044,buy,2105187260
2024-03-28T13:29:18.789000+00:00,BTCUSDT,71135.1,0.078,sell,2105187261
2024-03-28T13:29:18.900000+00:00,BTCUSDT,71135.1,0.599,sell,2105187262
2024-03-28T13:29:18.945000+00:00,BTCUSDT,71135.2,1.87,buy,2105187263
2024-03-28T13:29:18.966000+00:00,BTCUSDT,71135.2,0.176,sell,2105187264
2024-03-28T13:29:19.096000+00:00,BTCUSDT,71135.2,0.52,sell,2105187265
2024-03-28T13:29:19.169000+00:00,BTCUSDT,71135.3,0.07,buy,2105187266
2024-03-28T13:29:19.226000+00:00,BTCUSDT,71135.2,0.922,sell,2105187267
2024-03-28T13:29:19.275000+00:00,BTCUSDT,71135.3,0.015,buy,2105187268
2024-03-28T13:29:19.277000+00:00,BTCUSDT,71135.2,0.246,sell,2105187269
2024-03-28T13:29:19.359000+00:00,BTCUSDT,71135.3,0.485,buy,2105187270
2024-03-28T13:29:19.378000+00:00,BTCUSDT,71135.2,0.106,sell,2105187271
2024-03-28T13:29:19.400000+00:00,BTCUSDT,71135.3,0.331,buy,2105187272
2024-03-28T13:29:19.433000+00:00,BTCUSDT,71135.2,0.513,sell,2105187273
2024-03-28T13:29:19.519000+00:00,BTCUSDT,71135.3,0.115,buy,2105187274
2024-03-28T13:29:19.543000+00:00,BTCUSDT,71135.2,0.053,sell,2105187275
2024-03-28T13:29:19.626000+00:00,BTCUSDT,71135.3,0.018,buy,2105187276
2024-03-28T13:29:19.627000+00:00,BTCUSDT,71135.2,5.33,sell,2105187277
2024-03-28T13:29:19.691000+00:00,BTCUSDT,71135.1,1.071,sell,2105187278
2024-03-28T13:29:19.691000+00:00,BTCUSDT,71134.8,0.028,sell,2105187279
2024-03-28T13:29:19.691000+00:00,BTCUSDT,71134.6,0.06,sell,2105187280
2024-03-28T13:29:19.691000+00:00,BTCUSDT,71134.2,0.056,sell,2105187281
2024-03-28T13:29:19.691000+00:00,BTCUSDT,71134.1,0.4,sell,2105187282
2024-03-28T13:29:19.691000+00:00,BTCUSDT,71134.0,0.002,sell,2105187283
2024-03-28T13:29:19.691000+00:00,BTCUSDT,71133.9,0.022,sell,2105187284
2024-03-28T13:29:19.691000+00:00,BTCUSDT,71133.2,0.028,sell,2105187285
2024-03-28T13:29:19.691000+00:00,BTCUSDT,71132.6,0.056,sell,2105187286
2024-03-28T13:29:19.691000+00:00,BTCUSDT,71132.4,0.025,sell,2105187287
2024-03-28T13:29:19.691000+00:00,BTCUSDT,71132.0,0.002,sell,2105187288
2024-03-28T13:29:19.691000+00:00,BTCUSDT,71131.9,0.002,sell,2105187289
2024-03-28T13:29:19.691000+00:00,BTCUSDT,71131.6,0.028,sell,2105187290
2024-03-28T13:29:19.691000+00:00,BTCUSDT,71131.0,0.056,sell,2105187291
2024-03-28T13:29:19.691000+00:00,BTCUSDT,71130.0,0.03,sell,2105187292
2024-03-28T13:29:19.691000+00:00,BTCUSDT,71129.9,0.004,sell,2105187293
2024-03-28T13:29:19.691000+00:00,BTCUSDT,71129.5,0.002,sell,2105187294
2024-03-28T13:29:19.691000+00:00,BTCUSDT,71129.4,0.056,sell,2105187295
2024-03-28T13:29:19.691000+00:00,BTCUSDT,71129.3,0.169,sell,2105187296
2024-03-28T13:29:19.691000+00:00,BTCUSDT,71129.1,0.002,sell,2105187297
2024-03-28T13:29:19.691000+00:00,BTCUSDT,71128.7,0.002,sell,2105187298
2024-03-28T13:29:19.691000+00:00,BTCUSDT,71128.5,0.125,sell,2105187299
2024-03-28T13:29:19.691000+00:00,BTCUSDT,71128.4,0.028,sell,2105187300
2024-03-28T13:29:19.691000+00:00,BTCUSDT,71128.1,0.169,sell,2105187301
2024-03-28T13:29:19.691000+00:00,BTCUSDT,71128.0,0.363,sell,2105187302
2024-03-28T13:29:19.691000+00:00,BTCUSDT,71127.8,0.056,sell,2105187303
2024-03-28T13:29:19.691000+00:00,BTCUSDT,71127.7,0.169,sell,2105187304
2024-03-28T13:29:19.691000+00:00,BTCUSDT,71127.3,0.169,sell,2105187305
2024-03-28T13:29:19.691000+00:00,BTCUSDT,71127.0,0.002,sell,2105187306
2024-03-28T13:29:19.691000+00:00,BTCUSDT,71126.9,0.002,sell,2105187307
2024-03-28T13:29:19.691000+00:00,BTCUSDT,71126.8,0.09,sell,2105187308
2024-03-28T13:29:19.691000+00:00,BTCUSDT,71126.7,0.169,sell,2105187309
2024-03-28T13:29:19.691000+00:00,BTCUSDT,71126.2,0.058,sell,2105187310
2024-03-28T13:29:19.691000+00:00,BTCUSDT,71126.0,0.002,sell,2105187311
2024-03-28T13:29:19.691000+00:00,BTCUSDT,71125.5,0.022,sell,2105187312
2024-03-28T13:29:19.691000+00:00,BTCUSDT,71125.4,0.032,sell,2105187313
2024-03-28T13:29:19.691000+00:00,BTCUSDT,71125.3,0.159,sell,2105187314
2024-03-28T13:29:19.691000+00:00,BTCUSDT,71125.2,0.059,sell,2105187315
2024-03-28T13:29:19.691000+00:00,BTCUSDT,71125.0,0.041,sell,2105187316
2024-03-28T13:29:19.691000+00:00,BTCUSDT,71124.9,0.035,sell,2105187317
2024-03-28T13:29:19.691000+00:00,BTCUSDT,71124.8,0.062,sell,2105187318
2024-03-28T13:29:19.691000+00:00,BTCUSDT,71124.7,0.004,sell,2105187319
2024-03-28T13:29:19.691000+00:00,BTCUSDT,71124.6,0.089,sell,2105187320
2024-03-28T13:29:19.691000+00:00,BTCUSDT,71124.5,0.01,sell,2105187321
2024-03-28T13:29:19.691000+00:00,BTCUSDT,71124.4,0.024,sell,2105187322
2024-03-28T13:29:19.691000+00:00,BTCUSDT,71124.3,0.031,sell,2105187323
2024-03-28T13:29:19.691000+00:00,BTCUSDT,71124.0,0.014,sell,2105187324
2024-03-28T13:29:19.691000+00:00,BTCUSDT,71123.8,0.002,sell,2105187325
2024-03-28T13:29:19.691000+00:00,BTCUSDT,71123.6,0.03,sell,2105187326
2024-03-28T13:29:19.691000+00:00,BTCUSDT,71123.2,0.36,sell,2105187327
2024-03-28T13:29:19.691000+00:00,BTCUSDT,71123.1,0.659,sell,2105187328
2024-03-28T13:29:19.691000+00:00,BTCUSDT,71123.0,0.014,sell,2105187329
2024-03-28T13:29:19.691000+00:00,BTCUSDT,71122.9,0.708,sell,2105187330
2024-03-28T13:29:19.691000+00:00,BTCUSDT,71122.8,0.002,sell,2105187331
2024-03-28T13:29:19.691000+00:00,BTCUSDT,71122.6,0.002,sell,2105187332
2024-03-28T13:29:19.691000+00:00,BTCUSDT,71122.5,1.031,sell,2105187333
2024-03-28T13:29:19.691000+00:00,BTCUSDT,71122.4,0.004,sell,2105187334
2024-03-28T13:29:19.691000+00:00,BTCUSDT,71122.3,0.01,sell,2105187335
2024-03-28T13:29:19.691000+00:00,BTCUSDT,71122.0,0.012,sell,2105187336
2024-03-28T13:29:19.691000+00:00,BTCUSDT,71121.7,0.002,sell,2105187337
2024-03-28T13:29:19.691000+00:00,BTCUSDT,71121.6,0.018,sell,2105187338
2024-03-28T13:29:19.691000+00:00,BTCUSDT,71121.3,0.214,sell,2105187339
2024-03-28T13:29:19.691000+00:00,BTCUSDT,71121.2,0.014,sell,2105187340
2024-03-28T13:29:19.691000+00:00,BTCUSDT,71121.0,0.523,sell,2105187341
2024-03-28T13:29:19.691000+00:00,BTCUSDT,71120.7,0.002,sell,2105187342
2024-03-28T13:29:19.691000+00:00,BTCUSDT,71120.1,0.01,sell,2105187343
2024-03-28T13:29:19.691000+00:00,BTCUSDT,71120.0,0.012,sell,2105187344
2024-03-28T13:29:19.691000+00:00,BTCUSDT,71119.8,1.046,sell,2105187345
2024-03-28T13:29:19.691000+00:00,BTCUSDT,71119.6,0.657,sell,2105187346
2024-03-28T13:29:19.691000+00:00,BTCUSDT,71119.5,0.01,sell,2105187347
2024-03-28T13:29:19.691000+00:00,BTCUSDT,71119.3,0.004,sell,2105187348
2024-03-28T13:29:19.691000+00:00,BTCUSDT,71119.0,0.42,sell,2105187349
2024-03-28T13:29:19.691000+00:00,BTCUSDT,71118.9,0.021,sell,2105187350
2024-03-28T13:29:19.691000+00:00,BTCUSDT,71118.8,1.031,sell,2105187351
2024-03-28T13:29:19.691000+00:00,BTCUSDT,71118.6,0.002,sell,2105187352
2024-03-28T13:29:19.691000+00:00,BTCUSDT,71118.4,1.511,sell,2105187353
2024-03-28T13:29:19.691000+00:00,BTCUSDT,71118.3,0.742,sell,2105187354
2024-03-28T13:29:19.691000+00:00,BTCUSDT,71118.1,0.239,sell,2105187355
2024-03-28T13:29:19.691000+00:00,BTCUSDT,71118.0,4.014,sell,2105187356
2024-03-28T13:29:19.691000+00:00,BTCUSDT,71117.9,0.461,sell,2105187357
2024-03-28T13:29:19.691000+00:00,BTCUSDT,71117.8,0.687,sell,2105187358
2024-03-28T13:29:19.691000+00:00,BTCUSDT,71117.7,0.385,sell,2105187359
2024-03-28T13:29:19.691000+00:00,BTCUSDT,71117.6,0.008,sell,2105187360
2024-03-28T13:29:19.691000+00:00,BTCUSDT,71117.4,1.002,sell,2105187361
2024-03-28T13:29:19.691000+00:00,BTCUSDT,71117.3,0.013,sell,2105187362
2024-03-28T13:29:19.691000+00:00,BTCUSDT,71117.2,0.227,sell,2105187363
2024-03-28T13:29:19.691000+00:00,BTCUSDT,71117.1,0.013,sell,2105187364
2024-03-28T13:29:19.691000+00:00,BTCUSDT,71117.0,0.041,sell,2105187365
2024-03-28T13:29:19.691000+00:00,BTCUSDT,71116.8,0.597,sell,2105187366
2024-03-28T13:29:19.691000+00:00,BTCUSDT,71116.6,0.6,sell,2105187367
2024-03-28T13:29:19.691000+00:00,BTCUSDT,71116.5,0.01,sell,2105187368
2024-03-28T13:29:19.691000+00:00,BTCUSDT,71116.4,0.095,sell,2105187369
2024-03-28T13:29:19.691000+00:00,BTCUSDT,71116.3,0.01,sell,2105187370
2024-03-28T13:29:19.691000+00:00,BTCUSDT,71116.2,0.753,sell,2105187371
2024-03-28T13:29:19.691000+00:00,BTCUSDT,71116.1,0.05,sell,2105187372
2024-03-28T13:29:19.691000+00:00,BTCUSDT,71116.0,0.869,sell,2105187373
2024-03-28T13:29:19.692000+00:00,BTCUSDT,71115.9,0.003,sell,2105187374
2024-03-28T13:29:19.692000+00:00,BTCUSDT,71115.8,0.002,sell,2105187375
2024-03-28T13:29:19.692000+00:00,BTCUSDT,71115.7,0.004,sell,2105187376
2024-03-28T13:29:19.692000+00:00,BTCUSDT,71115.6,0.006,sell,2105187377
2024-03-28T13:29:19.692000+00:00,BTCUSDT,71115.5,0.166,sell,2105187378
2024-03-28T13:29:19.701000+00:00,BTCUSDT,71118.0,0.005,sell,2105187379
2024-03-28T13:29:19.730000+00:00,BTCUSDT,71118.1,0.002,buy,2105187380
2024-03-28T13:29:19.751000+00:00,BTCUSDT,71118.2,0.02,sell,2105187381
2024-03-28T13:29:19.751000+00:00,BTCUSDT,71118.8,0.002,buy,2105187382
2024-03-28T13:29:19.763000+00:00,BTCUSDT,71119.7,0.409,buy,2105187383
2024-03-28T13:29:19.803000+00:00,BTCUSDT,71119.9,0.01,buy,2105187384
2024-03-28T13:29:19.803000+00:00,BTCUSDT,71120.4,0.002,buy,2105187385
2024-03-28T13:29:19.809000+00:00,BTCUSDT,71120.5,0.011,buy,2105187386
2024-03-28T13:29:19.809000+00:00,BTCUSDT,71121.4,0.056,buy,2105187387
2024-03-28T13:29:19.809000+00:00,BTCUSDT,71121.9,0.002,buy,2105187388
2024-03-28T13:29:19.809000+00:00,BTCUSDT,71122.0,0.032,buy,2105187389
2024-03-28T13:29:19.809000+00:00,BTCUSDT,71122.9,0.002,buy,2105187390
2024-03-28T13:29:19.809000+00:00,BTCUSDT,71123.0,0.056,buy,2105187391
2024-03-28T13:29:19.809000+00:00,BTCUSDT,71123.9,0.002,buy,2105187392
2024-03-28T13:29:19.809000+00:00,BTCUSDT,71124.0,0.002,buy,2105187393
2024-03-28T13:29:19.809000+00:00,BTCUSDT,71124.2,0.026,buy,2105187394
2024-03-28T13:29:19.852000+00:00,BTCUSDT,71124.1,3.042,sell,2105187395
2024-03-28T13:29:19.853000+00:00,BTCUSDT,71124.2,0.048,buy,2105187396
2024-03-28T13:29:19.853000+00:00,BTCUSDT,71124.6,1.742,buy,2105187397
2024-03-28T13:29:19.883000+00:00,BTCUSDT,71124.5,0.994,sell,2105187398
2024-03-28T13:29:20.082000+00:00,BTCUSDT,71124.6,0.002,buy,2105187399
2024-03-28T13:29:20.132000+00:00,BTCUSDT,71124.5,0.015,sell,2105187400
2024-03-28T13:29:20.238000+00:00,BTCUSDT,71124.5,0.426,sell,2105187401
2024-03-28T13:29:20.405000+00:00,BTCUSDT,71124.6,0.02,buy,2105187402
2024-03-28T13:29:20.416000+00:00,BTCUSDT,71124.5,0.036,sell,2105187403
2024-03-28T13:29:20.418000+00:00,BTCUSDT,71124.6,0.2,buy,2105187404
2024-03-28T13:29:20.422000+00:00,BTCUSDT,71124.5,0.315,sell,2105187405
2024-03-28T13:29:20.508000+00:00,BTCUSDT,71124.6,0.5,buy,2105187406
2024-03-28T13:29:20.532000+00:00,BTCUSDT,71124.5,0.213,sell,2105187407
2024-03-28T13:29:20.607000+00:00,BTCUSDT,71124.6,0.076,buy,2105187408
2024-03-28T13:29:20.608000+00:00,BTCUSDT,71124.5,0.618,sell,2105187409
2024-03-28T13:29:20.608000+00:00,BTCUSDT,71124.0,0.035,sell,2105187410
2024-03-28T13:29:20.608000+00:00,BTCUSDT,71123.5,0.026,sell,2105187411
2024-03-28T13:29:20.608000+00:00,BTCUSDT,71123.2,0.11,sell,2105187412
2024-03-28T13:29:20.608000+00:00,BTCUSDT,71123.1,0.281,sell,2105187413
2024-03-28T13:29:20.608000+00:00,BTCUSDT,71122.0,0.002,sell,2105187414
2024-03-28T13:29:20.608000+00:00,BTCUSDT,71121.2,0.002,sell,2105187415
2024-03-28T13:29:20.608000+00:00,BTCUSDT,71120.6,0.002,sell,2105187416
2024-03-28T13:29:20.608000+00:00,BTCUSDT,71120.4,0.002,sell,2105187417
2024-03-28T13:29:20.608000+00:00,BTCUSDT,71120.3,0.14,sell,2105187418
2024-03-28T13:29:20.608000+00:00,BTCUSDT,71120.0,0.002,sell,2105187419
2024-03-28T13:29:20.608000+00:00,BTCUSDT,71119.8,0.281,sell,2105187420
2024-03-28T13:29:20.608000+00:00,BTCUSDT,71119.6,0.104,sell,2105187421
2024-03-28T13:29:20.608000+00:00,BTCUSDT,71119.5,0.004,sell,2105187422
2024-03-28T13:29:20.608000+00:00,BTCUSDT,71119.1,0.183,sell,2105187423
2024-03-28T13:29:20.608000+00:00,BTCUSDT,71118.9,0.099,sell,2105187424
2024-03-28T13:29:20.608000+00:00,BTCUSDT,71118.1,0.071,sell,2105187425
2024-03-28T13:29:20.608000+00:00,BTCUSDT,71118.0,0.058,sell,2105187426
2024-03-28T13:29:20.608000+00:00,BTCUSDT,71117.9,0.287,sell,2105187427
2024-03-28T13:29:20.608000+00:00,BTCUSDT,71117.8,0.002,sell,2105187428
2024-03-28T13:29:20.608000+00:00,BTCUSDT,71117.7,0.003,sell,2105187429
2024-03-28T13:29:20.608000+00:00,BTCUSDT,71116.7,0.002,sell,2105187430
2024-03-28T13:29:20.608000+00:00,BTCUSDT,71116.5,0.002,sell,2105187431
2024-03-28T13:29:20.608000+00:00,BTCUSDT,71116.0,0.002,sell,2105187432
2024-03-28T13:29:20.608000+00:00,BTCUSDT,71115.6,0.244,sell,2105187433
2024-03-28T13:29:20.608000+00:00,BTCUSDT,71115.5,0.042,sell,2105187434
2024-03-28T13:29:20.608000+00:00,BTCUSDT,71115.2,0.018,sell,2105187435
2024-03-28T13:29:20.608000+00:00,BTCUSDT,71115.1,0.002,sell,2105187436
2024-03-28T13:29:20.608000+00:00,BTCUSDT,71115.0,0.083,sell,2105187437
2024-03-28T13:29:20.608000+00:00,BTCUSDT,71114.9,0.026,sell,2105187438
2024-03-28T13:29:20.608000+00:00,BTCUSDT,71114.5,0.112,sell,2105187439
2024-03-28T13:29:20.608000+00:00,BTCUSDT,71114.4,0.019,sell,2105187440
2024-03-28T13:29:20.609000+00:00,BTCUSDT,71114.2,0.071,sell,2105187441
2024-03-28T13:29:20.609000+00:00,BTCUSDT,71114.0,0.012,sell,2105187442
2024-03-28T13:29:20.609000+00:00,BTCUSDT,71113.9,0.034,sell,2105187443
2024-03-28T13:29:20.609000+00:00,BTCUSDT,71113.7,0.004,sell,2105187444
2024-03-28T13:29:20.609000+00:00,BTCUSDT,71113.5,0.002,sell,2105187445
2024-03-28T13:29:20.609000+00:00,BTCUSDT,71113.4,0.14,sell,2105187446
2024-03-28T13:29:20.609000+00:00,BTCUSDT,71113.2,0.002,sell,2105187447
2024-03-28T13:29:20.609000+00:00,BTCUSDT,71113.0,0.012,sell,2105187448
2024-03-28T13:29:20.609000+00:00,BTCUSDT,71112.9,0.131,sell,2105187449
2024-03-28T13:29:20.609000+00:00,BTCUSDT,71112.8,0.32,sell,2105187450
2024-03-28T13:29:20.609000+00:00,BTCUSDT,71112.5,0.34,sell,2105187451
2024-03-28T13:29:20.609000+00:00,BTCUSDT,71112.4,0.47,sell,2105187452
2024-03-28T13:29:20.609000+00:00,BTCUSDT,71112.3,0.002,sell,2105187453
2024-03-28T13:29:20.609000+00:00,BTCUSDT,71112.2,0.004,sell,2105187454
2024-03-28T13:29:20.609000+00:00,BTCUSDT,71112.0,0.036,sell,2105187455
2024-03-28T13:29:20.609000+00:00,BTCUSDT,71111.4,0.639,sell,2105187456
2024-03-28T13:29:20.609000+00:00,BTCUSDT,71111.3,0.012,sell,2105187457
2024-03-28T13:29:20.609000+00:00,BTCUSDT,71111.2,0.121,sell,2105187458
2024-03-28T13:29:20.609000+00:00,BTCUSDT,71111.0,0.158,sell,2105187459
2024-03-28T13:29:20.609000+00:00,BTCUSDT,71110.9,0.226,sell,2105187460
2024-03-28T13:29:20.609000+00:00,BTCUSDT,71110.6,0.009,sell,2105187461
2024-03-28T13:29:20.609000+00:00,BTCUSDT,71110.5,0.018,sell,2105187462
2024-03-28T13:29:20.609000+00:00,BTCUSDT,71110.4,0.211,sell,2105187463
2024-03-28T13:29:20.609000+00:00,BTCUSDT,71110.2,0.004,sell,2105187464
2024-03-28T13:29:20.609000+00:00,BTCUSDT,71110.1,0.002,sell,2105187465
2024-03-28T13:29:20.609000+00:00,BTCUSDT,71110.0,0.412,sell,2105187466
2024-03-28T13:29:20.609000+00:00,BTCUSDT,71109.6,0.038,sell,2105187467
2024-03-28T13:29:20.609000+00:00,BTCUSDT,71109.5,0.003,sell,2105187468
2024-03-28T13:29:20.609000+00:00,BTCUSDT,71109.4,0.002,sell,2105187469
2024-03-28T13:29:20.609000+00:00,BTCUSDT,71109.0,0.224,sell,2105187470
2024-03-28T13:29:20.609000+00:00,BTCUSDT,71108.9,0.018,sell,2105187471
2024-03-28T13:29:20.609000+00:00,BTCUSDT,71108.6,0.033,sell,2105187472
2024-03-28T13:29:20.609000+00:00,BTCUSDT,71108.5,0.317,sell,2105187473
2024-03-28T13:29:20.609000+00:00,BTCUSDT,71108.4,0.015,sell,2105187474
2024-03-28T13:29:20.609000+00:00,BTCUSDT,71108.3,0.002,sell,2105187475
2024-03-28T13:29:20.609000+00:00,BTCUSDT,71108.2,0.016,sell,2105187476
2024-03-28T13:29:20.609000+00:00,BTCUSDT,71108.1,0.033,sell,2105187477
2024-03-28T13:29:20.609000+00:00,BTCUSDT,71108.0,0.037,sell,2105187478
2024-03-28T13:29:20.609000+00:00,BTCUSDT,71107.9,0.36,sell,2105187479
2024-03-28T13:29:20.609000+00:00,BTCUSDT,71107.8,0.004,sell,2105187480
2024-03-28T13:29:20.609000+00:00,BTCUSDT,71107.7,0.062,sell,2105187481
2024-03-28T13:29:20.609000+00:00,BTCUSDT,71107.6,0.038,sell,2105187482
2024-03-28T13:29:20.609000+00:00,BTCUSDT,71107.5,0.072,sell,2105187483
2024-03-28T13:29:20.609000+00:00,BTCUSDT,71107.4,0.253,sell,2105187484
2024-03-28T13:29:20.609000+00:00,BTCUSDT,71107.3,0.011,sell,2105187485
2024-03-28T13:29:20.609000+00:00,BTCUSDT,71107.2,0.2,sell,2105187486
2024-03-28T13:29:20.609000+00:00,BTCUSDT,71107.1,0.02,sell,2105187487
2024-03-28T13:29:20.609000+00:00,BTCUSDT,71107.0,0.036,sell,2105187488
2024-03-28T13:29:20.609000+00:00,BTCUSDT,71106.7,0.249,sell,2105187489
2024-03-28T13:29:20.609000+00:00,BTCUSDT,71106.6,0.232,sell,2105187490
2024-03-28T13:29:20.609000+00:00,BTCUSDT,71106.5,0.284,sell,2105187491
2024-03-28T13:29:20.609000+00:00,BTCUSDT,71106.4,1.021,sell,2105187492
2024-03-28T13:29:20.609000+00:00,BTCUSDT,71106.3,0.171,sell,2105187493
2024-03-28T13:29:20.609000+00:00,BTCUSDT,71106.2,0.002,sell,2105187494
2024-03-28T13:29:20.609000+00:00,BTCUSDT,71106.0,0.016,sell,2105187495
2024-03-28T13:29:20.609000+00:00,BTCUSDT,71105.9,0.003,sell,2105187496
2024-03-28T13:29:20.609000+00:00,BTCUSDT,71105.8,0.016,sell,2105187497
2024-03-28T13:29:20.609000+00:00,BTCUSDT,71105.7,0.003,sell,2105187498
2024-03-28T13:29:20.609000+00:00,BTCUSDT,71105.6,0.002,sell,2105187499
2024-03-28T13:29:20.609000+00:00,BTCUSDT,71105.5,0.012,sell,2105187500
2024-03-28T13:29:20.609000+00:00,BTCUSDT,71105.4,0.006,sell,2105187501
2024-03-28T13:29:20.609000+00:00,BTCUSDT,71105.1,0.012,sell,2105187502
2024-03-28T13:29:20.609000+00:00,BTCUSDT,71105.0,0.211,sell,2105187503
2024-03-28T13:29:20.609000+00:00,BTCUSDT,71104.9,0.048,sell,2105187504
2024-03-28T13:29:20.609000+00:00,BTCUSDT,71104.8,0.064,sell,2105187505
2024-03-28T13:29:20.609000+00:00,BTCUSDT,71104.6,0.006,sell,2105187506
2024-03-28T13:29:20.609000+00:00,BTCUSDT,71104.5,0.728,sell,2105187507
2024-03-28T13:29:20.609000+00:00,BTCUSDT,71104.3,0.031,sell,2105187508
2024-03-28T13:29:20.609000+00:00,BTCUSDT,71104.2,0.038,sell,2105187509
2024-03-28T13:29:20.609000+00:00,BTCUSDT,71104.1,0.473,sell,2105187510
2024-03-28T13:29:20.609000+00:00,BTCUSDT,71104.0,0.033,sell,2105187511
2024-03-28T13:29:20.609000+00:00,BTCUSDT,71103.9,0.058,sell,2105187512
2024-03-28T13:29:20.609000+00:00,BTCUSDT,71103.8,0.716,sell,2105187513
2024-03-28T13:29:20.609000+00:00,BTCUSDT,71103.7,0.12,sell,2105187514
2024-03-28T13:29:20.609000+00:00,BTCUSDT,71103.6,0.147,sell,2105187515
2024-03-28T13:29:20.609000+00:00,BTCUSDT,71103.5,0.018,sell,2105187516
2024-03-28T13:29:20.609000+00:00,BTCUSDT,71103.4,0.449,sell,2105187517
2024-03-28T13:29:20.609000+00:00,BTCUSDT,71103.3,2.047,sell,2105187518
2024-03-28T13:29:20.609000+00:00,BTCUSDT,71103.2,1.387,sell,2105187519
2024-03-28T13:29:20.609000+00:00,BTCUSDT,71103.1,0.793,sell,2105187520
2024-03-28T13:29:20.609000+00:00,BTCUSDT,71103.0,0.793,sell,2105187521
2024-03-28T13:29:20.609000+00:00,BTCUSDT,71102.8,0.229,sell,2105187522
2024-03-28T13:29:20.609000+00:00,BTCUSDT,71102.7,0.793,sell,2105187523
2024-03-28T13:29:20.609000+00:00,BTCUSDT,71102.5,0.071,sell,2105187524
2024-03-28T13:29:20.609000+00:00,BTCUSDT,71102.4,0.022,sell,2105187525
2024-03-28T13:29:20.609000+00:00,BTCUSDT,71102.2,0.032,sell,2105187526
2024-03-28T13:29:20.609000+00:00,BTCUSDT,71102.0,0.142,sell,2105187527
2024-03-28T13:29:20.609000+00:00,BTCUSDT,71101.9,0.348,sell,2105187528
2024-03-28T13:29:20.609000+00:00,BTCUSDT,71101.8,0.004,sell,2105187529
2024-03-28T13:29:20.609000+00:00,BTCUSDT,71101.7,0.014,sell,2105187530
2024-03-28T13:29:20.609000+00:00,BTCUSDT,71101.6,0.278,sell,2105187531
2024-03-28T13:29:20.609000+00:00,BTCUSDT,71101.5,0.732,sell,2105187532
2024-03-28T13:29:20.609000+00:00,BTCUSDT,71101.4,0.103,sell,2105187533
2024-03-28T13:29:20.609000+00:00,BTCUSDT,71101.3,0.004,sell,2105187534
2024-03-28T13:29:20.609000+00:00,BTCUSDT,71101.2,0.027,sell,2105187535
2024-03-28T13:29:20.609000+00:00,BTCUSDT,71101.0,1.043,sell,2105187536
2024-03-28T13:29:20.609000+00:00,BTCUSDT,71100.9,0.225,sell,2105187537
2024-03-28T13:29:20.609000+00:00,BTCUSDT,71100.8,0.466,sell,2105187538
2024-03-28T13:29:20.609000+00:00,BTCUSDT,71100.7,0.022,sell,2105187539
2024-03-28T13:29:20.609000+00:00,BTCUSDT,71100.5,0.03,sell,2105187540
2024-03-28T13:29:20.609000+00:00,BTCUSDT,71100.4,0.024,sell,2105187541
2024-03-28T13:29:20.609000+00:00,BTCUSDT,71100.3,0.423,sell,2105187542
2024-03-28T13:29:20.609000+00:00,BTCUSDT,71100.2,0.152,sell,2105187543
2024-03-28T13:29:20.609000+00:00,BTCUSDT,71100.1,1.015,sell,2105187544
2024-03-28T13:29:20.609000+00:00,BTCUSDT,71100.0,1.436,sell,2105187545
2024-03-28T13:29:20.609000+00:00,BTCUSDT,71099.9,0.014,sell,2105187546
2024-03-28T13:29:20.609000+00:00,BTCUSDT,71099.8,0.01,sell,2105187547
2024-03-28T13:29:20.609000+00:00,BTCUSDT,71099.7,0.002,sell,2105187548
2024-03-28T13:29:20.609000+00:00,BTCUSDT,71099.6,0.031,sell,2105187549
2024-03-28T13:29:20.609000+00:00,BTCUSDT,71099.5,1.754,sell,2105187550
2024-03-28T13:29:20.609000+00:00,BTCUSDT,71099.4,6.413,sell,2105187551
2024-03-28T13:29:20.609000+00:00,BTCUSDT,71099.3,0.004,sell,2105187552
2024-03-28T13:29:20.609000+00:00,BTCUSDT,71099.2,0.007,sell,2105187553
2024-03-28T13:29:20.609000+00:00,BTCUSDT,71099.1,0.793,sell,2105187554
2024-03-28T13:29:20.609000+00:00,BTCUSDT,71099.0,0.248,sell,2105187555
2024-03-28T13:29:20.610000+00:00,BTCUSDT,71098.9,0.065,sell,2105187556
2024-03-28T13:29:20.610000+00:00,BTCUSDT,71098.7,0.019,sell,2105187557
2024-03-28T13:29:20.610000+00:00,BTCUSDT,71098.6,0.066,sell,2105187558
2024-03-28T13:29:20.610000+00:00,BTCUSDT,71098.5,0.349,sell,2105187559
2024-03-28T13:29:20.611000+00:00,BTCUSDT,71106.7,0.004,sell,2105187560
2024-03-28T13:29:20.647000+00:00,BTCUSDT,71108.0,0.002,sell,2105187561
2024-03-28T13:29:20.647000+00:00,BTCUSDT,71107.8,0.002,sell,2105187562
2024-03-28T13:29:20.647000+00:00,BTCUSDT,71106.8,0.524,sell,2105187563
2024-03-28T13:29:20.685000+00:00,BTCUSDT,71106.8,0.366,buy,2105187564
2024-03-28T13:29:20.685000+00:00,BTCUSDT,71106.9,0.404,buy,2105187565
2024-03-28T13:29:20.685000+00:00,BTCUSDT,71108.4,0.494,buy,2105187566
2024-03-28T13:29:20.697000+00:00,BTCUSDT,71108.2,0.008,sell,2105187567
2024-03-28T13:29:20.699000+00:00,BTCUSDT,71108.4,0.002,buy,2105187568
2024-03-28T13:29:20.703000+00:00,BTCUSDT,71108.2,0.104,sell,2105187569
2024-03-28T13:29:20.703000+00:00,BTCUSDT,71108.0,0.018,sell,2105187570
2024-03-28T13:29:20.719000+00:00,BTCUSDT,71108.1,0.136,buy,2105187571
2024-03-28T13:29:20.731000+00:00,BTCUSDT,71107.0,0.394,buy,2105187572
2024-03-28T13:29:20.739000+00:00,BTCUSDT,71106.9,2.114,buy,2105187573
2024-03-28T13:29:20.850000+00:00,BTCUSDT,71106.9,0.084,sell,2105187574
2024-03-28T13:29:20.925000+00:00,BTCUSDT,71107.0,0.133,buy,2105187575
2024-03-28T13:29:20.952000+00:00,BTCUSDT,71106.9,0.194,sell,2105187576
2024-03-28T13:29:20.967000+00:00,BTCUSDT,71107.0,0.218,buy,2105187577
2024-03-28T13:29:20.980000+00:00,BTCUSDT,71107.6,0.052,buy,2105187578
2024-03-28T13:29:21+00:00,BTCUSDT,71107.8,0.444,sell,2105187579
2024-03-28T13:29:21.064000+00:00,BTCUSDT,71107.9,0.213,buy,2105187580
2024-03-28T13:29:21.077000+00:00,BTCUSDT,71107.8,0.004,sell,2105187581
2024-03-28T13:29:21.088000+00:00,BTCUSDT,71107.9,0.707,buy,2105187582
2024-03-28T13:29:21.187000+00:00,BTCUSDT,71107.8,0.007,sell,2105187583
2024-03-28T13:29:21.200000+00:00,BTCUSDT,71107.9,0.968,buy,2105187584
2024-03-28T13:29:21.220000+00:00,BTCUSDT,71108.0,0.01,buy,2105187585
2024-03-28T13:29:21.220000+00:00,BTCUSDT,71108.1,0.156,buy,2105187586
2024-03-28T13:29:21.220000+00:00,BTCUSDT,71108.3,0.002,buy,2105187587
2024-03-28T13:29:21.220000+00:00,BTCUSDT,71108.4,0.307,buy,2105187588
2024-03-28T13:29:21.225000+00:00,BTCUSDT,71108.6,0.006,buy,2105187589
2024-03-28T13:29:21.232000+00:00,BTCUSDT,71110.0,0.002,buy,2105187590
2024-03-28T13:29:21.232000+00:00,BTCUSDT,71110.5,0.01,buy,2105187591
2024-03-28T13:29:21.232000+00:00,BTCUSDT,71110.7,0.01,buy,2105187592
2024-03-28T13:29:21.295000+00:00,BTCUSDT,71112.1,0.328,sell,2105187593
2024-03-28T13:29:21.309000+00:00,BTCUSDT,71112.2,0.009,buy,2105187594
2024-03-28T13:29:21.309000+00:00,BTCUSDT,71114.0,0.034,buy,2105187595
2024-03-28T13:29:21.309000+00:00,BTCUSDT,71114.7,0.002,buy,2105187596
2024-03-28T13:29:21.309000+00:00,BTCUSDT,71115.0,0.025,buy,2105187597
2024-03-28T13:29:21.331000+00:00,BTCUSDT,71115.9,0.007,sell,2105187598
2024-03-28T13:29:21.331000+00:00,BTCUSDT,71116.0,0.002,buy,2105187599
2024-03-28T13:29:21.377000+00:00,BTCUSDT,71116.1,0.009,sell,2105187600
2024-03-28T13:29:21.380000+00:00,BTCUSDT,71116.2,2.063,buy,2105187601
2024-03-28T13:29:21.380000+00:00,BTCUSDT,71116.5,0.002,buy,2105187602
2024-03-28T13:29:21.380000+00:00,BTCUSDT,71116.6,0.002,buy,2105187603
2024-03-28T13:29:21.380000+00:00,BTCUSDT,71117.0,0.002,buy,2105187604
2024-03-28T13:29:21.380000+00:00,BTCUSDT,71117.6,0.002,buy,2105187605
2024-03-28T13:29:21.380000+00:00,BTCUSDT,71117.7,0.003,buy,2105187606
2024-03-28T13:29:21.380000+00:00,BTCUSDT,71118.0,0.002,buy,2105187607
2024-03-28T13:29:21.380000+00:00,BTCUSDT,71118.5,0.1,buy,2105187608
2024-03-28T13:29:21.380000+00:00,BTCUSDT,71118.6,0.002,buy,2105187609
2024-03-28T13:29:21.380000+00:00,BTCUSDT,71118.7,0.565,buy,2105187610
2024-03-28T13:29:21.380000+00:00,BTCUSDT,71118.8,0.439,buy,2105187611
2024-03-28T13:29:21.380000+00:00,BTCUSDT,71118.9,0.002,buy,2105187612
2024-03-28T13:29:21.380000+00:00,BTCUSDT,71119.7,1.368,buy,2105187613
2024-03-28T13:29:21.380000+00:00,BTCUSDT,71119.8,1.246,buy,2105187614
2024-03-28T13:29:21.380000+00:00,BTCUSDT,71119.9,0.401,buy,2105187615
2024-03-28T13:29:21.380000+00:00,BTCUSDT,71120.0,0.167,buy,2105187616
2024-03-28T13:29:21.380000+00:00,BTCUSDT,71120.2,0.029,buy,2105187617
2024-03-28T13:29:21.380000+00:00,BTCUSDT,71120.6,0.01,buy,2105187618
2024-03-28T13:29:21.380000+00:00,BTCUSDT,71120.7,0.002,buy,2105187619
2024-03-28T13:29:21.380000+00:00,BTCUSDT,71120.8,0.136,buy,2105187620
2024-03-28T13:29:21.380000+00:00,BTCUSDT,71121.9,0.041,buy,2105187621
2024-03-28T13:29:21.380000+00:00,BTCUSDT,71122.0,0.149,buy,2105187622
2024-03-28T13:29:21.380000+00:00,BTCUSDT,71122.1,0.008,buy,2105187623
2024-03-28T13:29:21.380000+00:00,BTCUSDT,71122.4,0.01,buy,2105187624
2024-03-28T13:29:21.380000+00:00,BTCUSDT,71122.5,0.145,buy,2105187625
2024-03-28T13:29:21.380000+00:00,BTCUSDT,71122.7,0.002,buy,2105187626
2024-03-28T13:29:21.380000+00:00,BTCUSDT,71122.8,0.002,buy,2105187627
2024-03-28T13:29:21.380000+00:00,BTCUSDT,71122.9,0.004,buy,2105187628
2024-03-28T13:29:21.380000+00:00,BTCUSDT,71123.2,0.002,buy,2105187629
2024-03-28T13:29:21.380000+00:00,BTCUSDT,71123.6,0.197,buy,2105187630
2024-03-28T13:29:21.380000+00:00,BTCUSDT,71123.7,0.856,buy,2105187631
2024-03-28T13:29:21.380000+00:00,BTCUSDT,71123.8,0.935,buy,2105187632
2024-03-28T13:29:21.380000+00:00,BTCUSDT,71123.9,0.002,buy,2105187633
2024-03-28T13:29:21.380000+00:00,BTCUSDT,71124.0,0.149,buy,2105187634
2024-03-28T13:29:21.380000+00:00,BTCUSDT,71124.1,0.25,buy,2105187635
2024-03-28T13:29:21.380000+00:00,BTCUSDT,71124.2,0.01,buy,2105187636
2024-03-28T13:29:21.380000+00:00,BTCUSDT,71124.5,0.051,buy,2105187637
2024-03-28T13:29:21.380000+00:00,BTCUSDT,71124.6,0.233,buy,2105187638
2024-03-28T13:29:21.380000+00:00,BTCUSDT,71124.8,0.012,buy,2105187639
2024-03-28T13:29:21.380000+00:00,BTCUSDT,71124.9,0.002,buy,2105187640
2024-03-28T13:29:21.380000+00:00,BTCUSDT,71125.0,0.002,buy,2105187641
2024-03-28T13:29:21.380000+00:00,BTCUSDT,71125.8,0.002,buy,2105187642
2024-03-28T13:29:21.380000+00:00,BTCUSDT,71126.0,0.169,buy,2105187643
2024-03-28T13:29:21.380000+00:00,BTCUSDT,71126.1,0.003,buy,2105187644
2024-03-28T13:29:21.380000+00:00,BTCUSDT,71126.2,0.02,buy,2105187645
2024-03-28T13:29:21.380000+00:00,BTCUSDT,71126.3,0.02,buy,2105187646
2024-03-28T13:29:21.380000+00:00,BTCUSDT,71126.4,0.022,buy,2105187647
2024-03-28T13:29:21.380000+00:00,BTCUSDT,71127.0,0.004,buy,2105187648
2024-03-28T13:29:21.380000+00:00,BTCUSDT,71127.7,0.009,buy,2105187649
2024-03-28T13:29:21.380000+00:00,BTCUSDT,71127.8,0.612,buy,2105187650
2024-03-28T13:29:21.380000+00:00,BTCUSDT,71127.9,0.241,buy,2105187651
2024-03-28T13:29:21.380000+00:00,BTCUSDT,71128.0,0.153,buy,2105187652
2024-03-28T13:29:21.380000+00:00,BTCUSDT,71128.2,0.043,buy,2105187653
2024-03-28T13:29:21.381000+00:00,BTCUSDT,71128.6,0.221,buy,2105187654
2024-03-28T13:29:21.381000+00:00,BTCUSDT,71128.7,0.793,buy,2105187655
2024-03-28T13:29:21.381000+00:00,BTCUSDT,71129.1,0.002,buy,2105187656
2024-03-28T13:29:21.381000+00:00,BTCUSDT,71129.3,0.081,buy,2105187657
2024-03-28T13:29:21.402000+00:00,BTCUSDT,71125.8,0.684,sell,2105187658
2024-03-28T13:29:21.402000+00:00,BTCUSDT,71125.5,0.447,sell,2105187659
2024-03-28T13:29:21.402000+00:00,BTCUSDT,71122.8,0.017,sell,2105187660
2024-03-28T13:29:21.402000+00:00,BTCUSDT,71122.0,0.147,sell,2105187661
2024-03-28T13:29:21.402000+00:00,BTCUSDT,71120.0,0.147,sell,2105187662
2024-03-28T13:29:21.402000+00:00,BTCUSDT,71119.9,0.308,sell,2105187663
2024-03-28T13:29:21.428000+00:00,BTCUSDT,71124.5,0.025,sell,2105187664
2024-03-28T13:29:21.440000+00:00,BTCUSDT,71124.6,0.33,buy,2105187665
2024-03-28T13:29:21.453000+00:00,BTCUSDT,71124.5,0.247,sell,2105187666
2024-03-28T13:29:21.456000+00:00,BTCUSDT,71124.6,0.002,buy,2105187667
2024-03-28T13:29:21.462000+00:00,BTCUSDT,71124.5,0.493,sell,2105187668
2024-03-28T13:29:21.503000+00:00,BTCUSDT,71124.6,0.02,buy,2105187669
2024-03-28T13:29:21.584000+00:00,BTCUSDT,71124.5,0.299,sell,2105187670
2024-03-28T13:29:21.624000+00:00,BTCUSDT,71124.6,0.621,buy,2105187671
2024-03-28T13:29:21.635000+00:00,BTCUSDT,71124.5,0.018,sell,2105187672
2024-03-28T13:29:21.810000+00:00,BTCUSDT,71124.6,0.076,buy,2105187673
2024-03-28T13:29:21.868000+00:00,BTCUSDT,71124.5,0.119,sell,2105187674
2024-03-28T13:29:21.925000+00:00,BTCUSDT,71124.6,0.049,buy,2105187675
2024-03-28T13:29:21.925000+00:00,BTCUSDT,71124.5,0.007,sell,2105187676
2024-03-28T13:29:21.952000+00:00,BTCUSDT,71124.6,1.378,buy,2105187677
2024-03-28T13:29:21.952000+00:00,BTCUSDT,71126.0,0.002,buy,2105187678
2024-03-28T13:29:21.956000+00:00,BTCUSDT,71127.0,0.002,buy,2105187679
2024-03-28T13:29:21.956000+00:00,BTCUSDT,71127.3,0.002,buy,2105187680
2024-03-28T13:29:21.958000+00:00,BTCUSDT,71127.8,0.5,sell,2105187681
2024-03-28T13:29:21.964000+00:00,BTCUSDT,71127.9,0.003,buy,2105187682
2024-03-28T13:29:21.979000+00:00,BTCUSDT,71127.8,0.003,sell,2105187683
2024-03-28T13:29:21.996000+00:00,BTCUSDT,71127.9,0.003,buy,2105187684
2024-03-28T13:29:22.004000+00:00,BTCUSDT,71129.1,0.002,buy,2105187685
2024-03-28T13:29:22.004000+00:00,BTCUSDT,71130.0,0.001,buy,2105187686
2024-03-28T13:29:22.013000+00:00,BTCUSDT,71129.9,1.431,sell,2105187687
2024-03-28T13:29:22.078000+00:00,BTCUSDT,71130.0,1.309,buy,2105187688
2024-03-28T13:29:22.078000+00:00,BTCUSDT,71130.9,0.024,buy,2105187689
2024-03-28T13:29:22.078000+00:00,BTCUSDT,71131.2,0.002,buy,2105187690
2024-03-28T13:29:22.078000+00:00,BTCUSDT,71131.5,0.002,buy,2105187691
2024-03-28T13:29:22.078000+00:00,BTCUSDT,71131.8,0.012,buy,2105187692
2024-03-28T13:29:22.078000+00:00,BTCUSDT,71132.0,0.289,buy,2105187693
2024-03-28T13:29:22.119000+00:00,BTCUSDT,71132.2,0.056,buy,2105187694
2024-03-28T13:29:22.155000+00:00,BTCUSDT,71132.3,0.082,buy,2105187695
2024-03-28T13:29:22.155000+00:00,BTCUSDT,71132.4,0.097,buy,2105187696
2024-03-28T13:29:22.155000+00:00,BTCUSDT,71133.3,0.004,buy,2105187697
2024-03-28T13:29:22.158000+00:00,BTCUSDT,71133.5,0.47,sell,2105187698
2024-03-28T13:29:22.168000+00:00,BTCUSDT,71133.6,0.002,buy,2105187699
2024-03-28T13:29:22.168000+00:00,BTCUSDT,71133.8,0.009,buy,2105187700
2024-03-28T13:29:22.168000+00:00,BTCUSDT,71134.0,0.002,buy,2105187701
2024-03-28T13:29:22.169000+00:00,BTCUSDT,71135.1,0.004,buy,2105187702
2024-03-28T13:29:22.169000+00:00,BTCUSDT,71135.2,0.006,buy,2105187703
2024-03-28T13:29:22.246000+00:00,BTCUSDT,71135.1,0.032,sell,2105187704
2024-03-28T13:29:22.248000+00:00,BTCUSDT,71135.2,0.088,buy,2105187705
2024-03-28T13:29:22.251000+00:00,BTCUSDT,71135.1,0.028,sell,2105187706
2024-03-28T13:29:22.270000+00:00,BTCUSDT,71135.2,0.044,buy,2105187707
2024-03-28T13:29:22.387000+00:00,BTCUSDT,71135.1,0.005,sell,2105187708
2024-03-28T13:29:22.402000+00:00,BTCUSDT,71135.2,0.07,buy,2105187709
2024-03-28T13:29:22.444000+00:00,BTCUSDT,71135.1,0.416,sell,2105187710
2024-03-28T13:29:22.552000+00:00,BTCUSDT,71135.1,4.963,sell,2105187711
2024-03-28T13:29:22.581000+00:00,BTCUSDT,71134.8,0.028,sell,2105187712
2024-03-28T13:29:22.581000+00:00,BTCUSDT,71134.6,0.149,sell,2105187713
2024-03-28T13:29:22.581000+00:00,BTCUSDT,71134.5,0.025,sell,2105187714
2024-03-28T13:29:22.581000+00:00,BTCUSDT,71134.2,0.056,sell,2105187715
2024-03-28T13:29:22.581000+00:00,BTCUSDT,71134.0,0.002,sell,2105187716
2024-03-28T13:29:22.581000+00:00,BTCUSDT,71133.9,0.347,sell,2105187717
2024-03-28T13:29:22.581000+00:00,BTCUSDT,71133.7,1.142,sell,2105187718
2024-03-28T13:29:22.581000+00:00,BTCUSDT,71133.6,0.002,sell,2105187719
2024-03-28T13:29:22.581000+00:00,BTCUSDT,71133.5,0.421,sell,2105187720
2024-03-28T13:29:22.581000+00:00,BTCUSDT,71133.3,0.419,sell,2105187721
2024-03-28T13:29:22.581000+00:00,BTCUSDT,71133.2,0.028,sell,2105187722
2024-03-28T13:29:22.581000+00:00,BTCUSDT,71132.9,0.002,sell,2105187723
2024-03-28T13:29:22.581000+00:00,BTCUSDT,71132.6,0.056,sell,2105187724
2024-03-28T13:29:22.581000+00:00,BTCUSDT,71132.0,0.002,sell,2105187725
2024-03-28T13:29:22.581000+00:00,BTCUSDT,71131.6,0.028,sell,2105187726
2024-03-28T13:29:22.581000+00:00,BTCUSDT,71131.2,0.002,sell,2105187727
2024-03-28T13:29:22.581000+00:00,BTCUSDT,71131.1,0.01,sell,2105187728
2024-03-28T13:29:22.581000+00:00,BTCUSDT,71131.0,0.056,sell,2105187729
2024-03-28T13:29:22.581000+00:00,BTCUSDT,71130.6,0.07,sell,2105187730
2024-03-28T13:29:22.583000+00:00,BTCUSDT,71130.1,0.154,sell,2105187731
2024-03-28T13:29:22.584000+00:00,BTCUSDT,71130.0,0.401,sell,2105187732
2024-03-28T13:29:22.584000+00:00,BTCUSDT,71129.3,0.002,sell,2105187733
2024-03-28T13:29:22.584000+00:00,BTCUSDT,71129.1,0.002,sell,2105187734
2024-03-28T13:29:22.584000+00:00,BTCUSDT,71128.8,0.199,sell,2105187735
2024-03-28T13:29:22.588000+00:00,BTCUSDT,71128.6,0.002,sell,2105187736
2024-03-28T13:29:22.588000+00:00,BTCUSDT,71128.4,0.01,sell,2105187737
2024-03-28T13:29:22.588000+00:00,BTCUSDT,71128.0,0.002,sell,2105187738
2024-03-28T13:29:22.588000+00:00,BTCUSDT,71127.8,0.005,sell,2105187739
2024-03-28T13:29:22.588000+00:00,BTCUSDT,71127.7,0.002,sell,2105187740
2024-03-28T13:29:22.588000+00:00,BTCUSDT,71127.4,0.002,sell,2105187741
2024-03-28T13:29:22.588000+00:00,BTCUSDT,71127.0,0.004,sell,2105187742
2024-03-28T13:29:22.588000+00:00,BTCUSDT,71126.4,0.002,sell,2105187743
2024-03-28T13:29:22.588000+00:00,BTCUSDT,71126.3,0.013,sell,2105187744
2024-03-28T13:29:22.588000+00:00,BTCUSDT,71126.2,0.044,sell,2105187745
2024-03-28T13:29:22.588000+00:00,BTCUSDT,71126.1,0.029,sell,2105187746
2024-03-28T13:29:22.588000+00:00,BTCUSDT,71126.0,0.002,sell,2105187747
2024-03-28T13:29:22.592000+00:00,BTCUSDT,71125.7,0.003,sell,2105187748
2024-03-28T13:29:22.592000+00:00,BTCUSDT,71124.9,0.002,sell,2105187749
2024-03-28T13:29:22.592000+00:00,BTCUSDT,71124.7,0.238,sell,2105187750
2024-03-28T13:29:22.594000+00:00,BTCUSDT,71124.6,0.002,sell,2105187751
2024-03-28T13:29:22.594000+00:00,BTCUSDT,71124.5,0.57,sell,2105187752
2024-03-28T13:29:22.595000+00:00,BTCUSDT,71124.6,1.667,buy,2105187753
2024-03-28T13:29:22.595000+00:00,BTCUSDT,71124.7,1.664,buy,2105187754
2024-03-28T13:29:22.595000+00:00,BTCUSDT,71124.8,1.069,buy,2105187755
2024-03-28T13:29:22.614000+00:00,BTCUSDT,71124.1,0.008,buy,2105187756
2024-03-28T13:29:22.614000+00:00,BTCUSDT,71124.0,0.002,sell,2105187757
2024-03-28T13:29:22.614000+00:00,BTCUSDT,71123.9,0.002,sell,2105187758
2024-03-28T13:29:22.709000+00:00,BTCUSDT,71123.6,0.002,sell,2105187759
2024-03-28T13:29:22.711000+00:00,BTCUSDT,71123.7,0.563,buy,2105187760
2024-03-28T13:29:22.722000+00:00,BTCUSDT,71123.6,0.057,sell,2105187761
2024-03-28T13:29:22.727000+00:00,BTCUSDT,71123.7,0.002,buy,2105187762
2024-03-28T13:29:22.745000+00:00,BTCUSDT,71123.6,0.893,sell,2105187763
2024-03-28T13:29:22.882000+00:00,BTCUSDT,71123.6,0.006,sell,2105187764
2024-03-28T13:29:22.890000+00:00,BTCUSDT,71123.7,2.367,buy,2105187765
2024-03-28T13:29:22.900000+00:00,BTCUSDT,71123.8,0.002,buy,2105187766
2024-03-28T13:29:22.900000+00:00,BTCUSDT,71124.5,0.002,buy,2105187767
2024-03-28T13:29:22.942000+00:00,BTCUSDT,71124.4,0.1,sell,2105187768
2024-03-28T13:29:22.953000+00:00,BTCUSDT,71124.5,0.048,buy,2105187769
2024-03-28T13:29:22.953000+00:00,BTCUSDT,71124.8,0.07,buy,2105187770
2024-03-28T13:29:22.953000+00:00,BTCUSDT,71125.8,0.002,buy,2105187771
2024-03-28T13:29:22.953000+00:00,BTCUSDT,71126.8,0.028,buy,2105187772
2024-03-28T13:29:22.953000+00:00,BTCUSDT,71127.0,0.012,buy,2105187773
2024-03-28T13:29:22.958000+00:00,BTCUSDT,71127.6,0.002,buy,2105187774
2024-03-28T13:29:22.958000+00:00,BTCUSDT,71127.7,0.25,buy,2105187775
2024-03-28T13:29:22.958000+00:00,BTCUSDT,71127.8,0.423,buy,2105187776
2024-03-28T13:29:22.961000+00:00,BTCUSDT,71128.6,0.018,buy,2105187777
2024-03-28T13:29:22.961000+00:00,BTCUSDT,71128.9,0.07,buy,2105187778
2024-03-28T13:29:22.961000+00:00,BTCUSDT,71130.3,0.07,buy,2105187779
2024-03-28T13:29:22.961000+00:00,BTCUSDT,71130.7,0.284,buy,2105187780
2024-03-28T13:29:22.961000+00:00,BTCUSDT,71130.8,0.14,buy,2105187781
2024-03-28T13:29:22.961000+00:00,BTCUSDT,71130.9,0.106,buy,2105187782
2024-03-28T13:29:22.961000+00:00,BTCUSDT,71131.0,0.056,buy,2105187783
2024-03-28T13:29:22.961000+00:00,BTCUSDT,71131.2,0.002,buy,2105187784
2024-03-28T13:29:22.961000+00:00,BTCUSDT,71131.6,0.03,buy,2105187785
2024-03-28T13:29:22.961000+00:00,BTCUSDT,71131.7,0.003,buy,2105187786
2024-03-28T13:29:22.961000+00:00,BTCUSDT,71131.9,0.009,buy,2105187787
2024-03-28T13:29:22.961000+00:00,BTCUSDT,71132.0,1.154,buy,2105187788
2024-03-28T13:29:23.011000+00:00,BTCUSDT,71131.9,0.1,sell,2105187789
2024-03-28T13:29:23.089000+00:00,BTCUSDT,71132.0,0.048,buy,2105187790
2024-03-28T13:29:23.242000+00:00,BTCUSDT,71131.9,0.249,sell,2105187791
2024-03-28T13:29:23.312000+00:00,BTCUSDT,71132.0,0.051,buy,2105187792
2024-03-28T13:29:23.357000+00:00,BTCUSDT,71131.9,0.832,sell,2105187793
2024-03-28T13:29:23.384000+00:00,BTCUSDT,71132.0,0.013,buy,2105187794
2024-03-28T13:29:23.416000+00:00,BTCUSDT,71131.9,0.354,sell,2105187795
2024-03-28T13:29:23.472000+00:00,BTCUSDT,71129.1,0.002,sell,2105187796
2024-03-28T13:29:23.487000+00:00,BTCUSDT,71127.6,0.006,sell,2105187797
2024-03-28T13:29:23.496000+00:00,BTCUSDT,71127.0,0.002,sell,2105187798
2024-03-28T13:29:23.496000+00:00,BTCUSDT,71126.3,0.002,sell,2105187799
2024-03-28T13:29:23.496000+00:00,BTCUSDT,71126.0,0.007,sell,2105187800
2024-03-28T13:29:23.496000+00:00,BTCUSDT,71125.4,0.002,sell,2105187801
2024-03-28T13:29:23.496000+00:00,BTCUSDT,71125.2,0.002,sell,2105187802
2024-03-28T13:29:23.496000+00:00,BTCUSDT,71125.0,0.002,sell,2105187803
2024-03-28T13:29:23.496000+00:00,BTCUSDT,71124.7,0.003,sell,2105187804
2024-03-28T13:29:23.496000+00:00,BTCUSDT,71124.6,0.06,sell,2105187805
2024-03-28T13:29:23.503000+00:00,BTCUSDT,71124.5,0.025,sell,2105187806
2024-03-28T13:29:23.503000+00:00,BTCUSDT,71124.6,0.005,buy,2105187807
2024-03-28T13:29:23.515000+00:00,BTCUSDT,71124.4,0.002,sell,2105187808
2024-03-28T13:29:23.515000+00:00,BTCUSDT,71123.7,0.002,sell,2105187809
2024-03-28T13:29:23.515000+00:00,BTCUSDT,71123.6,0.002,sell,2105187810
2024-03-28T13:29:23.515000+00:00,BTCUSDT,71123.3,0.004,sell,2105187811
2024-03-28T13:29:23.530000+00:00,BTCUSDT,71123.0,0.016,buy,2105187812
2024-03-28T13:29:23.618000+00:00,BTCUSDT,71122.9,0.08,sell,2105187813
2024-03-28T13:29:23.736000+00:00,BTCUSDT,71122.9,0.021,sell,2105187814
2024-03-28T13:29:23.751000+00:00,BTCUSDT,71123.0,0.14,buy,2105187815
2024-03-28T13:29:23.773000+00:00,BTCUSDT,71122.9,0.075,sell,2105187816
2024-03-28T13:29:23.917000+00:00,BTCUSDT,71123.0,0.027,buy,2105187817
2024-03-28T13:29:23.919000+00:00,BTCUSDT,71122.9,0.878,sell,2105187818
2024-03-28T13:29:24.024000+00:00,BTCUSDT,71122.9,0.392,sell,2105187819
2024-03-28T13:29:24.024000+00:00,BTCUSDT,71122.8,0.002,sell,2105187820
2024-03-28T13:29:24.024000+00:00,BTCUSDT,71122.0,0.002,sell,2105187821
2024-03-28T13:29:24.037000+00:00,BTCUSDT,71121.2,0.002,sell,2105187822
2024-03-28T13:29:24.037000+00:00,BTCUSDT,71120.8,0.002,sell,2105187823
2024-03-28T13:29:24.037000+00:00,BTCUSDT,71120.7,0.002,sell,2105187824
2024-03-28T13:29:24.037000+00:00,BTCUSDT,71120.0,0.013,sell,2105187825
2024-03-28T13:29:24.040000+00:00,BTCUSDT,71119.5,0.025,sell,2105187826
2024-03-28T13:29:24.049000+00:00,BTCUSDT,71119.4,0.044,sell,2105187827
2024-03-28T13:29:24.055000+00:00,BTCUSDT,71119.5,0.021,buy,2105187828
2024-03-28T13:29:24.058000+00:00,BTCUSDT,71118.9,0.007,buy,2105187829
2024-03-28T13:29:24.058000+00:00,BTCUSDT,71118.8,0.019,sell,2105187830
2024-03-28T13:29:24.212000+00:00,BTCUSDT,71118.9,0.009,buy,2105187831
2024-03-28T13:29:24.253000+00:00,BTCUSDT,71118.8,0.111,sell,2105187832
2024-03-28T13:29:24.347000+00:00,BTCUSDT,71118.9,0.218,buy,2105187833
2024-03-28T13:29:24.348000+00:00,BTCUSDT,71118.8,0.167,sell,2105187834
2024-03-28T13:29:24.349000+00:00,BTCUSDT,71118.9,2.0,buy,2105187835
2024-03-28T13:29:24.353000+00:00,BTCUSDT,71118.8,0.07,sell,2105187836
2024-03-28T13:29:24.365000+00:00,BTCUSDT,71118.9,0.037,buy,2105187837
2024-03-28T13:29:24.411000+00:00,BTCUSDT,71118.8,0.063,sell,2105187838
2024-03-28T13:29:24.411000+00:00,BTCUSDT,71118.6,0.048,sell,2105187839
2024-03-28T13:29:24.411000+00:00,BTCUSDT,71118.5,0.119,sell,2105187840
2024-03-28T13:29:24.412000+00:00,BTCUSDT,71118.0,0.002,sell,2105187841
2024-03-28T13:29:24.412000+00:00,BTCUSDT,71117.8,0.002,sell,2105187842
2024-03-28T13:29:24.412000+00:00,BTCUSDT,71117.6,0.003,sell,2105187843
2024-03-28T13:29:24.412000+00:00,BTCUSDT,71116.5,0.004,sell,2105187844
2024-03-28T13:29:24.412000+00:00,BTCUSDT,71116.3,0.002,sell,2105187845
2024-03-28T13:29:24.412000+00:00,BTCUSDT,71116.1,0.139,sell,2105187846
2024-03-28T13:29:24.412000+00:00,BTCUSDT,71116.0,0.304,sell,2105187847
2024-03-28T13:29:24.530000+00:00,BTCUSDT,71116.0,0.037,sell,2105187848
2024-03-28T13:29:24.687000+00:00,BTCUSDT,71116.1,0.185,buy,2105187849
2024-03-28T13:29:24.710000+00:00,BTCUSDT,71116.0,0.53,sell,2105187850
2024-03-28T13:29:24.713000+00:00,BTCUSDT,71115.9,0.002,sell,2105187851
2024-03-28T13:29:24.713000+00:00,BTCUSDT,71115.7,0.008,sell,2105187852
2024-03-28T13:29:24.713000+00:00,BTCUSDT,71114.4,0.002,sell,2105187853
2024-03-28T13:29:24.713000+00:00,BTCUSDT,71114.2,0.05,sell,2105187854
2024-03-28T13:29:24.713000+00:00,BTCUSDT,71114.1,0.016,sell,2105187855
2024-03-28T13:29:24.713000+00:00,BTCUSDT,71114.0,0.002,sell,2105187856
2024-03-28T13:29:24.713000+00:00,BTCUSDT,71113.9,0.002,sell,2105187857
2024-03-28T13:29:24.713000+00:00,BTCUSDT,71113.5,0.119,sell,2105187858
2024-03-28T13:29:24.713000+00:00,BTCUSDT,71113.4,0.002,sell,2105187859
2024-03-28T13:29:24.713000+00:00,BTCUSDT,71113.1,0.004,sell,2105187860
2024-03-28T13:29:24.713000+00:00,BTCUSDT,71112.9,0.034,sell,2105187861
2024-03-28T13:29:24.713000+00:00,BTCUSDT,71112.7,0.031,sell,2105187862
2024-03-28T13:29:24.713000+00:00,BTCUSDT,71112.6,0.031,sell,2105187863
2024-03-28T13:29:24.713000+00:00,BTCUSDT,71112.4,0.028,sell,2105187864
2024-03-28T13:29:24.713000+00:00,BTCUSDT,71112.3,0.002,sell,2105187865
2024-03-28T13:29:24.713000+00:00,BTCUSDT,71112.2,0.288,sell,2105187866
2024-03-28T13:29:24.713000+00:00,BTCUSDT,71112.0,0.149,sell,2105187867
2024-03-28T13:29:24.713000+00:00,BTCUSDT,71111.8,0.056,sell,2105187868
2024-03-28T13:29:24.713000+00:00,BTCUSDT,71111.7,0.002,sell,2105187869
2024-03-28T13:29:24.713000+00:00,BTCUSDT,71111.6,0.022,sell,2105187870
2024-03-28T13:29:24.713000+00:00,BTCUSDT,71111.5,0.084,sell,2105187871
2024-03-28T13:29:24.713000+00:00,BTCUSDT,71111.2,0.002,sell,2105187872
2024-03-28T13:29:24.713000+00:00,BTCUSDT,71111.1,0.101,sell,2105187873
2024-03-28T13:29:24.713000+00:00,BTCUSDT,71111.0,0.024,sell,2105187874
2024-03-28T13:29:24.713000+00:00,BTCUSDT,71110.8,0.028,sell,2105187875
2024-03-28T13:29:24.713000+00:00,BTCUSDT,71110.5,0.011,sell,2105187876
2024-03-28T13:29:24.713000+00:00,BTCUSDT,71110.3,0.002,sell,2105187877
2024-03-28T13:29:24.713000+00:00,BTCUSDT,71110.2,0.058,sell,2105187878
2024-03-28T13:29:24.713000+00:00,BTCUSDT,71110.0,0.222,sell,2105187879
2024-03-28T13:29:24.726000+00:00,BTCUSDT,71110.1,0.12,buy,2105187880
2024-03-28T13:29:24.727000+00:00,BTCUSDT,71110.0,0.004,sell,2105187881
2024-03-28T13:29:24.727000+00:00,BTCUSDT,71110.1,0.456,buy,2105187882
2024-03-28T13:29:24.746000+00:00,BTCUSDT,71110.8,0.281,buy,2105187883
2024-03-28T13:29:24.748000+00:00,BTCUSDT,71111.8,0.056,buy,2105187884
2024-03-28T13:29:24.748000+00:00,BTCUSDT,71112.0,0.002,buy,2105187885
2024-03-28T13:29:24.748000+00:00,BTCUSDT,71112.2,0.002,buy,2105187886
2024-03-28T13:29:24.758000+00:00,BTCUSDT,71112.4,0.133,buy,2105187887
2024-03-28T13:29:24.760000+00:00,BTCUSDT,71112.5,0.002,buy,2105187888
2024-03-28T13:29:24.760000+00:00,BTCUSDT,71113.0,0.042,buy,2105187889
2024-03-28T13:29:24.760000+00:00,BTCUSDT,71113.4,0.056,buy,2105187890
2024-03-28T13:29:24.839000+00:00,BTCUSDT,71113.9,0.032,sell,2105187891
2024-03-28T13:29:24.958000+00:00,BTCUSDT,71113.9,0.22,sell,2105187892
2024-03-28T13:29:25.055000+00:00,BTCUSDT,71114.0,0.02,buy,2105187893
2024-03-28T13:29:25.194000+00:00,BTCUSDT,71113.9,1.387,sell,2105187894
2024-03-28T13:29:25.217000+00:00,BTCUSDT,71114.0,0.038,buy,2105187895
2024-03-28T13:29:25.231000+00:00,BTCUSDT,71113.9,3.242,sell,2105187896
2024-03-28T13:29:25.258000+00:00,BTCUSDT,71112.9,0.421,sell,2105187897
2024-03-28T13:29:25.258000+00:00,BTCUSDT,71112.3,0.14,sell,2105187898
2024-03-28T13:29:25.258000+00:00,BTCUSDT,71112.0,0.002,sell,2105187899
2024-03-28T13:29:25.275000+00:00,BTCUSDT,71111.0,0.764,sell,2105187900
2024-03-28T13:29:25.300000+00:00,BTCUSDT,71110.8,0.002,sell,2105187901
2024-03-28T13:29:25.300000+00:00,BTCUSDT,71110.3,0.043,sell,2105187902
2024-03-28T13:29:25.300000+00:00,BTCUSDT,71110.2,0.002,sell,2105187903
2024-03-28T13:29:25.300000+00:00,BTCUSDT,71110.1,0.151,sell,2105187904
2024-03-28T13:29:25.300000+00:00,BTCUSDT,71110.0,0.034,sell,2105187905
2024-03-28T13:29:25.300000+00:00,BTCUSDT,71109.3,0.031,sell,2105187906
2024-03-28T13:29:25.300000+00:00,BTCUSDT,71108.6,0.224,sell,2105187907
2024-03-28T13:29:25.300000+00:00,BTCUSDT,71108.5,0.031,sell,2105187908
2024-03-28T13:29:25.300000+00:00,BTCUSDT,71108.4,0.002,sell,2105187909
2024-03-28T13:29:25.300000+00:00,BTCUSDT,71108.3,0.119,sell,2105187910
2024-03-28T13:29:25.300000+00:00,BTCUSDT,71108.2,0.02,sell,2105187911
2024-03-28T13:29:25.300000+00:00,BTCUSDT,71108.1,0.014,sell,2105187912
2024-03-28T13:29:25.300000+00:00,BTCUSDT,71108.0,0.002,sell,2105187913
2024-03-28T13:29:25.300000+00:00,BTCUSDT,71107.8,0.041,sell,2105187914
2024-03-28T13:29:25.300000+00:00,BTCUSDT,71107.7,0.028,sell,2105187915
2024-03-28T13:29:25.300000+00:00,BTCUSDT,71107.6,0.171,sell,2105187916
2024-03-28T13:29:25.300000+00:00,BTCUSDT,71107.3,0.031,sell,2105187917
2024-03-28T13:29:25.300000+00:00,BTCUSDT,71107.2,0.164,sell,2105187918
2024-03-28T13:29:25.300000+00:00,BTCUSDT,71106.9,0.066,sell,2105187919
2024-03-28T13:29:25.300000+00:00,BTCUSDT,71106.6,0.031,sell,2105187920
2024-03-28T13:29:25.300000+00:00,BTCUSDT,71106.5,0.024,sell,2105187921
2024-03-28T13:29:25.300000+00:00,BTCUSDT,71106.3,0.002,sell,2105187922
2024-03-28T13:29:25.300000+00:00,BTCUSDT,71106.1,0.036,sell,2105187923
2024-03-28T13:29:25.379000+00:00,BTCUSDT,71106.2,1.38,buy,2105187924
2024-03-28T13:29:25.464000+00:00,BTCUSDT,71106.8,0.191,sell,2105187925
2024-03-28T13:29:25.491000+00:00,BTCUSDT,71106.9,0.006,buy,2105187926
2024-03-28T13:29:25.515000+00:00,BTCUSDT,71106.8,1.578,sell,2105187927
2024-03-28T13:29:25.617000+00:00,BTCUSDT,71106.9,0.048,buy,2105187928
2024-03-28T13:29:25.683000+00:00,BTCUSDT,71106.8,0.362,sell,2105187929
2024-03-28T13:29:25.720000+00:00,BTCUSDT,71106.9,0.019,buy,2105187930
2024-03-28T13:29:25.727000+00:00,BTCUSDT,71106.8,3.244,sell,2105187931
2024-03-28T13:29:25.739000+00:00,BTCUSDT,71106.3,0.909,sell,2105187932
2024-03-28T13:29:25.739000+00:00,BTCUSDT,71106.2,0.002,sell,2105187933
2024-03-28T13:29:25.739000+00:00,BTCUSDT,71106.1,0.83,sell,2105187934
2024-03-28T13:29:25.739000+00:00,BTCUSDT,71106.0,0.004,sell,2105187935
2024-03-28T13:29:25.739000+00:00,BTCUSDT,71105.8,0.006,sell,2105187936
2024-03-28T13:29:25.739000+00:00,BTCUSDT,71105.6,0.028,sell,2105187937
2024-03-28T13:29:25.739000+00:00,BTCUSDT,71105.5,0.421,sell,2105187938
2024-03-28T13:29:25.739000+00:00,BTCUSDT,71105.1,0.017,sell,2105187939
2024-03-28T13:29:25.739000+00:00,BTCUSDT,71105.0,0.151,sell,2105187940
2024-03-28T13:29:25.739000+00:00,BTCUSDT,71104.9,0.027,sell,2105187941
2024-03-28T13:29:25.739000+00:00,BTCUSDT,71104.7,0.002,sell,2105187942
2024-03-28T13:29:25.739000+00:00,BTCUSDT,71104.4,0.002,sell,2105187943
2024-03-28T13:29:25.739000+00:00,BTCUSDT,71104.2,0.002,sell,2105187944
2024-03-28T13:29:25.739000+00:00,BTCUSDT,71104.0,0.012,sell,2105187945
2024-03-28T13:29:25.739000+00:00,BTCUSDT,71103.9,0.002,sell,2105187946
2024-03-28T13:29:25.739000+00:00,BTCUSDT,71103.8,0.056,sell,2105187947
2024-03-28T13:29:25.739000+00:00,BTCUSDT,71103.4,0.008,sell,2105187948
2024-03-28T13:29:25.739000+00:00,BTCUSDT,71103.0,0.027,sell,2105187949
2024-03-28T13:29:25.739000+00:00,BTCUSDT,71102.9,0.002,sell,2105187950
2024-03-28T13:29:25.739000+00:00,BTCUSDT,71102.8,0.028,sell,2105187951
2024-03-28T13:29:25.739000+00:00,BTCUSDT,71102.7,0.002,sell,2105187952
2024-03-28T13:29:25.739000+00:00,BTCUSDT,71102.3,0.028,sell,2105187953
2024-03-28T13:29:25.739000+00:00,BTCUSDT,71102.2,0.056,sell,2105187954
2024-03-28T13:29:25.739000+00:00,BTCUSDT,71102.0,0.012,sell,2105187955
2024-03-28T13:29:25.739000+00:00,BTCUSDT,71101.8,0.002,sell,2105187956
2024-03-28T13:29:25.739000+00:00,BTCUSDT,71101.5,0.002,sell,2105187957
2024-03-28T13:29:25.739000+00:00,BTCUSDT,71101.3,0.19,sell,2105187958
2024-03-28T13:29:25.739000+00:00,BTCUSDT,71101.2,0.03,sell,2105187959
2024-03-28T13:29:25.739000+00:00,BTCUSDT,71101.1,0.002,sell,2105187960
2024-03-28T13:29:25.739000+00:00,BTCUSDT,71101.0,0.012,sell,2105187961
2024-03-28T13:29:25.739000+00:00,BTCUSDT,71100.8,0.002,sell,2105187962
2024-03-28T13:29:25.739000+00:00,BTCUSDT,71100.5,0.017,sell,2105187963
2024-03-28T13:29:25.739000+00:00,BTCUSDT,71100.0,0.529,sell,2105187964
2024-03-28T13:29:25.739000+00:00,BTCUSDT,71099.7,0.002,sell,2105187965
2024-03-28T13:29:25.739000+00:00,BTCUSDT,71099.6,0.028,sell,2105187966
2024-03-28T13:29:25.739000+00:00,BTCUSDT,71099.5,0.022,sell,2105187967
2024-03-28T13:29:25.739000+00:00,BTCUSDT,71099.4,0.002,sell,2105187968
2024-03-28T13:29:25.739000+00:00,BTCUSDT,71099.0,0.01,sell,2105187969
2024-03-28T13:29:25.739000+00:00,BTCUSDT,71098.7,0.011,sell,2105187970
2024-03-28T13:29:25.739000+00:00,BTCUSDT,71098.6,0.048,sell,2105187971
2024-03-28T13:29:25.739000+00:00,BTCUSDT,71098.0,0.014,sell,2105187972
2024-03-28T13:29:25.739000+00:00,BTCUSDT,71097.9,0.229,sell,2105187973
2024-03-28T13:29:25.739000+00:00,BTCUSDT,71097.8,0.011,sell,2105187974
2024-03-28T13:29:25.739000+00:00,BTCUSDT,71097.7,0.067,sell,2105187975
2024-03-28T13:29:25.739000+00:00,BTCUSDT,71097.6,0.651,sell,2105187976
2024-03-28T13:29:25.739000+00:00,BTCUSDT,71097.5,0.155,sell,2105187977
2024-03-28T13:29:25.739000+00:00,BTCUSDT,71097.4,0.006,sell,2105187978
2024-03-28T13:29:25.739000+00:00,BTCUSDT,71097.2,0.07,sell,2105187979
2024-03-28T13:29:25.739000+00:00,BTCUSDT,71097.1,0.076,sell,2105187980
2024-03-28T13:29:25.739000+00:00,BTCUSDT,71097.0,0.045,sell,2105187981
2024-03-28T13:29:25.739000+00:00,BTCUSDT,71096.9,0.204,sell,2105187982
2024-03-28T13:29:25.739000+00:00,BTCUSDT,71096.8,0.002,sell,2105187983
2024-03-28T13:29:25.739000+00:00,BTCUSDT,71096.5,0.169,sell,2105187984
2024-03-28T13:29:25.739000+00:00,BTCUSDT,71096.3,0.013,sell,2105187985
2024-03-28T13:29:25.739000+00:00,BTCUSDT,71096.2,0.035,sell,2105187986
2024-03-28T13:29:25.739000+00:00,BTCUSDT,71096.1,0.004,sell,2105187987
2024-03-28T13:29:25.739000+00:00,BTCUSDT,71096.0,0.018,sell,2105187988
2024-03-28T13:29:25.739000+00:00,BTCUSDT,71095.9,0.231,sell,2105187989
2024-03-28T13:29:25.739000+00:00,BTCUSDT,71095.8,0.031,sell,2105187990
2024-03-28T13:29:25.739000+00:00,BTCUSDT,71095.5,0.173,sell,2105187991
2024-03-28T13:29:25.739000+00:00,BTCUSDT,71095.4,0.954,sell,2105187992
2024-03-28T13:29:25.739000+00:00,BTCUSDT,71095.3,0.017,sell,2105187993
2024-03-28T13:29:25.739000+00:00,BTCUSDT,71095.2,0.041,sell,2105187994
2024-03-28T13:29:25.739000+00:00,BTCUSDT,71095.1,0.169,sell,2105187995
2024-03-28T13:29:25.739000+00:00,BTCUSDT,71094.9,0.164,sell,2105187996
2024-03-28T13:29:25.739000+00:00,BTCUSDT,71094.8,0.332,sell,2105187997
2024-03-28T13:29:25.739000+00:00,BTCUSDT,71094.7,0.01,sell,2105187998
2024-03-28T13:29:25.739000+00:00,BTCUSDT,71094.6,0.041,sell,2105187999
2024-03-28T13:29:25.739000+00:00,BTCUSDT,71094.5,0.778,sell,2105188000
2024-03-28T13:29:25.739000+00:00,BTCUSDT,71094.4,0.002,sell,2105188001
2024-03-28T13:29:25.739000+00:00,BTCUSDT,71094.3,0.008,sell,2105188002
2024-03-28T13:29:25.739000+00:00,BTCUSDT,71094.2,0.036,sell,2105188003
2024-03-28T13:29:25.739000+00:00,BTCUSDT,71094.1,0.169,sell,2105188004
2024-03-28T13:29:25.739000+00:00,BTCUSDT,71094.0,0.057,sell,2105188005
2024-03-28T13:29:25.739000+00:00,BTCUSDT,71093.9,0.2,sell,2105188006
2024-03-28T13:29:25.739000+00:00,BTCUSDT,71093.8,0.095,sell,2105188007
2024-03-28T13:29:25.739000+00:00,BTCUSDT,71093.7,0.028,sell,2105188008
2024-03-28T13:29:25.739000+00:00,BTCUSDT,71093.5,0.015,sell,2105188009
2024-03-28T13:29:25.739000+00:00,BTCUSDT,71093.4,1.273,sell,2105188010
2024-03-28T13:29:25.739000+00:00,BTCUSDT,71093.2,0.028,sell,2105188011
2024-03-28T13:29:25.739000+00:00,BTCUSDT,71093.1,0.015,sell,2105188012
2024-03-28T13:29:25.739000+00:00,BTCUSDT,71092.9,0.026,sell,2105188013
2024-03-28T13:29:25.739000+00:00,BTCUSDT,71092.8,0.004,sell,2105188014
2024-03-28T13:29:25.739000+00:00,BTCUSDT,71092.7,1.254,sell,2105188015
2024-03-28T13:29:25.739000+00:00,BTCUSDT,71092.6,0.657,sell,2105188016
2024-03-28T13:29:25.739000+00:00,BTCUSDT,71092.5,0.051,sell,2105188017
2024-03-28T13:29:25.739000+00:00,BTCUSDT,71092.4,0.028,sell,2105188018
2024-03-28T13:29:25.739000+00:00,BTCUSDT,71092.3,0.151,sell,2105188019
2024-03-28T13:29:25.739000+00:00,BTCUSDT,71092.2,0.043,sell,2105188020
2024-03-28T13:29:25.739000+00:00,BTCUSDT,71092.1,0.011,sell,2105188021
2024-03-28T13:29:25.739000+00:00,BTCUSDT,71092.0,1.073,sell,2105188022
2024-03-28T13:29:25.739000+00:00,BTCUSDT,71091.9,0.838,sell,2105188023
2024-03-28T13:29:25.739000+00:00,BTCUSDT,71091.8,0.421,sell,2105188024
2024-03-28T13:29:25.739000+00:00,BTCUSDT,71091.6,2.03,sell,2105188025
2024-03-28T13:29:25.740000+00:00,BTCUSDT,71091.5,0.002,sell,2105188026
2024-03-28T13:29:25.740000+00:00,BTCUSDT,71091.4,0.771,sell,2105188027
2024-03-28T13:29:25.740000+00:00,BTCUSDT,71091.3,0.002,sell,2105188028
2024-03-28T13:29:25.740000+00:00,BTCUSDT,71091.2,0.002,sell,2105188029
2024-03-28T13:29:25.740000+00:00,BTCUSDT,71091.0,0.027,sell,2105188030
2024-03-28T13:29:25.740000+00:00,BTCUSDT,71090.8,0.71,sell,2105188031
2024-03-28T13:29:25.740000+00:00,BTCUSDT,71090.7,0.645,sell,2105188032
2024-03-28T13:29:25.740000+00:00,BTCUSDT,71090.6,0.204,sell,2105188033
2024-03-28T13:29:25.740000+00:00,BTCUSDT,71090.4,0.399,sell,2105188034
2024-03-28T13:29:25.740000+00:00,BTCUSDT,71090.3,0.571,sell,2105188035
2024-03-28T13:29:25.740000+00:00,BTCUSDT,71090.2,0.022,sell,2105188036
2024-03-28T13:29:25.740000+00:00,BTCUSDT,71090.0,0.162,sell,2105188037
2024-03-28T13:29:25.740000+00:00,BTCUSDT,71089.6,0.612,sell,2105188038
2024-03-28T13:29:25.740000+00:00,BTCUSDT,71089.5,0.002,sell,2105188039
2024-03-28T13:29:25.740000+00:00,BTCUSDT,71089.4,0.002,sell,2105188040
2024-03-28T13:29:25.740000+00:00,BTCUSDT,71089.3,0.01,sell,2105188041
2024-03-28T13:29:25.740000+00:00,BTCUSDT,71089.2,0.475,sell,2105188042
2024-03-28T13:29:25.740000+00:00,BTCUSDT,71089.1,0.234,sell,2105188043
2024-03-28T13:29:25.740000+00:00,BTCUSDT,71089.0,0.795,sell,2105188044
2024-03-28T13:29:25.740000+00:00,BTCUSDT,71088.9,0.426,sell,2105188045
2024-03-28T13:29:25.740000+00:00,BTCUSDT,71088.7,0.043,sell,2105188046
2024-03-28T13:29:25.740000+00:00,BTCUSDT,71088.6,0.327,sell,2105188047
2024-03-28T13:29:25.740000+00:00,BTCUSDT,71088.5,0.012,sell,2105188048
2024-03-28T13:29:25.740000+00:00,BTCUSDT,71088.4,0.013,sell,2105188049
2024-03-28T13:29:25.740000+00:00,BTCUSDT,71088.2,0.334,sell,2105188050
2024-03-28T13:29:25.740000+00:00,BTCUSDT,71088.1,0.005,sell,2105188051
2024-03-28T13:29:25.740000+00:00,BTCUSDT,71088.0,0.011,sell,2105188052
2024-03-28T13:29:25.740000+00:00,BTCUSDT,71087.9,0.044,sell,2105188053
2024-03-28T13:29:25.740000+00:00,BTCUSDT,71087.8,0.002,sell,2105188054
2024-03-28T13:29:25.740000+00:00,BTCUSDT,71087.7,0.016,sell,2105188055
2024-03-28T13:29:25.740000+00:00,BTCUSDT,71087.6,0.022,sell,2105188056
2024-03-28T13:29:25.740000+00:00,BTCUSDT,71087.4,0.058,sell,2105188057
2024-03-28T13:29:25.740000+00:00,BTCUSDT,71087.3,0.266,sell,2105188058
2024-03-28T13:29:25.740000+00:00,BTCUSDT,71087.2,0.809,sell,2105188059
2024-03-28T13:29:25.740000+00:00,BTCUSDT,71087.1,0.483,sell,2105188060
2024-03-28T13:29:25.740000+00:00,BTCUSDT,71087.0,0.147,sell,2105188061
2024-03-28T13:29:25.740000+00:00,BTCUSDT,71086.9,0.081,sell,2105188062
2024-03-28T13:29:25.740000+00:00,BTCUSDT,71086.8,0.11,sell,2105188063
2024-03-28T13:29:25.740000+00:00,BTCUSDT,71086.7,0.25,sell,2105188064
2024-03-28T13:29:25.740000+00:00,BTCUSDT,71086.6,2.044,sell,2105188065
2024-03-28T13:29:25.740000+00:00,BTCUSDT,71086.5,0.272,sell,2105188066
2024-03-28T13:29:25.740000+00:00,BTCUSDT,71086.4,0.005,sell,2105188067
2024-03-28T13:29:25.740000+00:00,BTCUSDT,71086.1,0.132,sell,2105188068
2024-03-28T13:29:25.740000+00:00,BTCUSDT,71086.0,0.054,sell,2105188069
2024-03-28T13:29:25.740000+00:00,BTCUSDT,71085.9,0.007,sell,2105188070
2024-03-28T13:29:25.740000+00:00,BTCUSDT,71085.7,0.069,sell,2105188071
2024-03-28T13:29:25.740000+00:00,BTCUSDT,71085.6,0.002,sell,2105188072
2024-03-28T13:29:25.740000+00:00,BTCUSDT,71085.5,0.095,sell,2105188073
2024-03-28T13:29:25.740000+00:00,BTCUSDT,71085.4,0.158,sell,2105188074
2024-03-28T13:29:25.740000+00:00,BTCUSDT,71085.3,1.059,sell,2105188075
2024-03-28T13:29:25.740000+00:00,BTCUSDT,71085.2,5.909,sell,2105188076
2024-03-28T13:29:25.740000+00:00,BTCUSDT,71085.1,0.002,sell,2105188077
2024-03-28T13:29:25.740000+00:00,BTCUSDT,71085.0,0.204,sell,2105188078
2024-03-28T13:29:25.740000+00:00,BTCUSDT,71084.7,0.002,sell,2105188079
2024-03-28T13:29:25.740000+00:00,BTCUSDT,71084.6,0.037,sell,2105188080
2024-03-28T13:29:25.740000+00:00,BTCUSDT,71084.5,0.217,sell,2105188081
2024-03-28T13:29:25.740000+00:00,BTCUSDT,71084.3,0.002,sell,2105188082
2024-03-28T13:29:25.740000+00:00,BTCUSDT,71084.2,0.227,sell,2105188083
2024-03-28T13:29:25.740000+00:00,BTCUSDT,71084.1,0.004,sell,2105188084
2024-03-28T13:29:25.740000+00:00,BTCUSDT,71084.0,0.938,sell,2105188085
2024-03-28T13:29:25.740000+00:00,BTCUSDT,71083.8,0.645,sell,2105188086
2024-03-28T13:29:25.740000+00:00,BTCUSDT,71083.7,0.007,sell,2105188087
2024-03-28T13:29:25.740000+00:00,BTCUSDT,71083.6,0.797,sell,2105188088
2024-03-28T13:29:25.740000+00:00,BTCUSDT,71083.5,0.204,sell,2105188089
