timestamp,symbol,price,size,side,trade_id
2024-03-28T00:15:22.615000+00:00,BTCUSDT,69565.1,0.126,sell,2104395096
2024-03-28T00:15:22.747000+00:00,BTCUSDT,69565.1,0.162,sell,2104395097
2024-03-28T00:15:22.935000+00:00,BTCUSDT,69565.1,0.005,sell,2104395098
2024-03-28T00:15:22.975000+00:00,BTCUSDT,69565.2,0.01,buy,2104395099
2024-03-28T00:15:23.190000+00:00,BTCUSDT,69565.2,0.011,buy,2104395100
2024-03-28T00:15:23.192000+00:00,BTCUSDT,69565.1,0.009,sell,2104395101
2024-03-28T00:15:23.255000+00:00,BTCUSDT,69565.2,0.019,buy,2104395102
2024-03-28T00:15:23.290000+00:00,BTCUSDT,69565.1,0.012,sell,2104395103
2024-03-28T00:15:23.431000+00:00,BTCUSDT,69565.2,0.056,buy,2104395104
2024-03-28T00:15:23.733000+00:00,BTCUSDT,69565.1,0.476,sell,2104395105
2024-03-28T00:15:23.855000+00:00,BTCUSDT,69565.1,0.095,sell,2104395106
2024-03-28T00:15:24.097000+00:00,BTCUSDT,69565.2,0.011,buy,2104395107
2024-03-28T00:15:24.252000+00:00,BTCUSDT,69565.2,0.01,buy,2104395108
2024-03-28T00:15:24.360000+00:00,BTCUSDT,69565.2,0.511,buy,2104395109
2024-03-28T00:15:24.574000+00:00,BTCUSDT,69565.2,0.011,buy,2104395110
2024-03-28T00:15:24.695000+00:00,BTCUSDT,69565.2,0.003,buy,2104395111
2024-03-28T00:15:25.042000+00:00,BTCUSDT,69565.2,1.01,buy,2104395112
2024-03-28T00:15:25.322000+00:00,BTCUSDT,69565.2,0.007,buy,2104395113
2024-03-28T00:15:25.428000+00:00,BTCUSDT,69565.2,0.01,buy,2104395114
2024-03-28T00:15:25.549000+00:00,BTCUSDT,69565.1,0.054,sell,2104395115
2024-03-28T00:15:25.554000+00:00,BTCUSDT,69565.0,0.006,sell,2104395116
2024-03-28T00:15:25.554000+00:00,BTCUSDT,69564.6,0.004,sell,2104395117
2024-03-28T00:15:25.555000+00:00,BTCUSDT,69564.3,0.002,sell,2104395118
2024-03-28T00:15:25.555000+00:00,BTCUSDT,69564.1,0.002,sell,2104395119
2024-03-28T00:15:25.555000+00:00,BTCUSDT,69564.0,0.012,sell,2104395120
2024-03-28T00:15:25.557000+00:00,BTCUSDT,69563.0,1.01,sell,2104395121
2024-03-28T00:15:25.558000+00:00,BTCUSDT,69562.5,0.02,sell,2104395122
2024-03-28T00:15:25.558000+00:00,BTCUSDT,69562.4,0.002,sell,2104395123
2024-03-28T00:15:25.564000+00:00,BTCUSDT,69562.1,0.119,sell,2104395124
2024-03-28T00:15:25.564000+00:00,BTCUSDT,69562.0,0.012,sell,2104395125
2024-03-28T00:15:25.564000+00:00,BTCUSDT,69561.9,0.002,sell,2104395126
2024-03-28T00:15:25.564000+00:00,BTCUSDT,69561.8,0.009,sell,2104395127
2024-03-28T00:15:25.564000+00:00,BTCUSDT,69561.7,0.002,sell,2104395128
2024-03-28T00:15:25.564000+00:00,BTCUSDT,69561.6,0.246,sell,2104395129
2024-03-28T00:15:25.564000+00:00,BTCUSDT,69561.5,0.007,sell,2104395130
2024-03-28T00:15:25.564000+00:00,BTCUSDT,69561.1,0.072,sell,2104395131
2024-03-28T00:15:25.565000+00:00,BTCUSDT,69561.0,0.006,sell,2104395132
2024-03-28T00:15:25.620000+00:00,BTCUSDT,69560.8,0.01,buy,2104395133
2024-03-28T00:15:25.620000+00:00,BTCUSDT,69560.7,0.002,sell,2104395134
2024-03-28T00:15:25.791000+00:00,BTCUSDT,69560.0,0.034,sell,2104395135
2024-03-28T00:15:25.791000+00:00,BTCUSDT,69559.9,0.035,sell,2104395136
2024-03-28T00:15:25.791000+00:00,BTCUSDT,69559.8,0.031,sell,2104395137
2024-03-28T00:15:25.791000+00:00,BTCUSDT,69560.1,0.024,buy,2104395138
2024-03-28T00:15:25.832000+00:00,BTCUSDT,69559.6,0.019,buy,2104395139
2024-03-28T00:15:25.852000+00:00,BTCUSDT,69559.5,0.01,sell,2104395140
2024-03-28T00:15:25.908000+00:00,BTCUSDT,69559.6,0.088,buy,2104395141
2024-03-28T00:15:26.036000+00:00,BTCUSDT,69559.6,0.059,buy,2104395142
2024-03-28T00:15:26.411000+00:00,BTCUSDT,69559.6,0.007,buy,2104395143
2024-03-28T00:15:26.659000+00:00,BTCUSDT,69559.6,0.11,buy,2104395144
2024-03-28T00:15:26.754000+00:00,BTCUSDT,69559.5,0.02,sell,2104395145
2024-03-28T00:15:26.995000+00:00,BTCUSDT,69559.6,0.002,buy,2104395146
2024-03-28T00:15:27.116000+00:00,BTCUSDT,69559.6,0.023,buy,2104395147
2024-03-28T00:15:27.223000+00:00,BTCUSDT,69559.6,1.845,buy,2104395148
2024-03-28T00:15:27.252000+00:00,BTCUSDT,69560.1,0.006,buy,2104395149
2024-03-28T00:15:27.252000+00:00,BTCUSDT,69560.2,0.003,buy,2104395150
2024-03-28T00:15:27.252000+00:00,BTCUSDT,69560.7,0.006,buy,2104395151
2024-03-28T00:15:27.280000+00:00,BTCUSDT,69560.8,0.003,buy,2104395152
2024-03-28T00:15:27.280000+00:00,BTCUSDT,69561.0,0.002,buy,2104395153
2024-03-28T00:15:27.280000+00:00,BTCUSDT,69561.4,0.003,buy,2104395154
2024-03-28T00:15:27.280000+00:00,BTCUSDT,69562.0,0.002,buy,2104395155
2024-03-28T00:15:27.280000+00:00,BTCUSDT,69562.5,0.002,buy,2104395156
2024-03-28T00:15:27.280000+00:00,BTCUSDT,69563.0,0.002,buy,2104395157
2024-03-28T00:15:27.280000+00:00,BTCUSDT,69563.2,0.004,buy,2104395158
2024-03-28T00:15:27.362000+00:00,BTCUSDT,69564.5,0.116,sell,2104395159
2024-03-28T00:15:27.362000+00:00,BTCUSDT,69564.6,0.002,buy,2104395160
2024-03-28T00:15:27.456000+00:00,BTCUSDT,69565.0,0.141,sell,2104395161
2024-03-28T00:15:27.478000+00:00,BTCUSDT,69565.1,0.011,buy,2104395162
2024-03-28T00:15:27.655000+00:00,BTCUSDT,69565.1,1.374,buy,2104395163
2024-03-28T00:15:27.655000+00:00,BTCUSDT,69565.2,0.078,buy,2104395164
2024-03-28T00:15:27.655000+00:00,BTCUSDT,69566.0,0.002,buy,2104395165
2024-03-28T00:15:27.660000+00:00,BTCUSDT,69566.4,0.004,buy,2104395166
2024-03-28T00:15:27.695000+00:00,BTCUSDT,69567.1,0.004,sell,2104395167
2024-03-28T00:15:27.774000+00:00,BTCUSDT,69567.2,0.004,buy,2104395168
2024-03-28T00:15:27.796000+00:00,BTCUSDT,69568.0,0.01,buy,2104395169
2024-03-28T00:15:27.884000+00:00,BTCUSDT,69568.4,0.002,buy,2104395170
2024-03-28T00:15:28.016000+00:00,BTCUSDT,69569.8,0.007,sell,2104395171
2024-03-28T00:15:28.207000+00:00,BTCUSDT,69569.8,0.018,sell,2104395172
2024-03-28T00:15:28.307000+00:00,BTCUSDT,69569.9,0.011,buy,2104395173
2024-03-28T00:15:28.401000+00:00,BTCUSDT,69569.8,0.033,sell,2104395174
2024-03-28T00:15:28.553000+00:00,BTCUSDT,69569.9,0.05,buy,2104395175
2024-03-28T00:15:28.670000+00:00,BTCUSDT,69569.9,0.013,buy,2104395176
2024-03-28T00:15:28.839000+00:00,BTCUSDT,69569.8,0.003,sell,2104395177
2024-03-28T00:15:29.155000+00:00,BTCUSDT,69569.8,0.029,sell,2104395178
2024-03-28T00:15:29.319000+00:00,BTCUSDT,69569.9,0.01,buy,2104395179
2024-03-28T00:15:29.349000+00:00,BTCUSDT,69569.8,0.045,sell,2104395180
2024-03-28T00:15:29.422000+00:00,BTCUSDT,69569.9,0.01,buy,2104395181
2024-03-28T00:15:29.831000+00:00,BTCUSDT,69569.8,0.125,sell,2104395182
2024-03-28T00:15:29.932000+00:00,BTCUSDT,69569.8,0.183,sell,2104395183
2024-03-28T00:15:29.932000+00:00,BTCUSDT,69569.3,0.057,sell,2104395184
2024-03-28T00:15:29.932000+00:00,BTCUSDT,69568.3,0.026,sell,2104395185
2024-03-28T00:15:29.990000+00:00,BTCUSDT,69567.2,0.077,sell,2104395186
2024-03-28T00:15:29.990000+00:00,BTCUSDT,69567.1,0.059,sell,2104395187
2024-03-28T00:15:29.990000+00:00,BTCUSDT,69566.0,0.012,sell,2104395188
2024-03-28T00:15:29.990000+00:00,BTCUSDT,69565.5,0.002,sell,2104395189
2024-03-28T00:15:29.990000+00:00,BTCUSDT,69565.1,0.017,sell,2104395190
2024-03-28T00:15:29.990000+00:00,BTCUSDT,69565.0,0.006,sell,2104395191
2024-03-28T00:15:30.038000+00:00,BTCUSDT,69565.1,0.01,buy,2104395192
2024-03-28T00:15:30.041000+00:00,BTCUSDT,69565.0,0.124,sell,2104395193
2024-03-28T00:15:30.041000+00:00,BTCUSDT,69564.6,0.002,sell,2104395194
2024-03-28T00:15:30.041000+00:00,BTCUSDT,69564.5,0.024,sell,2104395195
2024-03-28T00:15:30.041000+00:00,BTCUSDT,69564.1,0.049,sell,2104395196
2024-03-28T00:15:30.161000+00:00,BTCUSDT,69562.6,0.014,buy,2104395197
2024-03-28T00:15:30.466000+00:00,BTCUSDT,69562.6,0.3,buy,2104395198
2024-03-28T00:15:30.527000+00:00,BTCUSDT,69562.5,0.02,sell,2104395199
2024-03-28T00:15:30.615000+00:00,BTCUSDT,69562.6,0.113,buy,2104395200
2024-03-28T00:15:30.776000+00:00,BTCUSDT,69562.6,0.02,buy,2104395201
2024-03-28T00:15:30.925000+00:00,BTCUSDT,69562.6,0.01,buy,2104395202
2024-03-28T00:15:31.225000+00:00,BTCUSDT,69562.5,0.085,sell,2104395203
2024-03-28T00:15:31.316000+00:00,BTCUSDT,69562.4,0.002,sell,2104395204
2024-03-28T00:15:31.316000+00:00,BTCUSDT,69562.0,0.002,sell,2104395205
2024-03-28T00:15:31.316000+00:00,BTCUSDT,69561.3,0.002,sell,2104395206
2024-03-28T00:15:31.316000+00:00,BTCUSDT,69561.0,0.01,sell,2104395207
2024-03-28T00:15:31.316000+00:00,BTCUSDT,69560.5,0.002,sell,2104395208
2024-03-28T00:15:31.316000+00:00,BTCUSDT,69560.4,0.002,sell,2104395209
2024-03-28T00:15:31.316000+00:00,BTCUSDT,69560.3,0.002,sell,2104395210
2024-03-28T00:15:31.316000+00:00,BTCUSDT,69560.1,0.072,sell,2104395211
2024-03-28T00:15:31.316000+00:00,BTCUSDT,69560.0,0.012,sell,2104395212
2024-03-28T00:15:31.316000+00:00,BTCUSDT,69559.9,0.219,sell,2104395213
2024-03-28T00:15:31.316000+00:00,BTCUSDT,69559.8,0.057,sell,2104395214
2024-03-28T00:15:31.316000+00:00,BTCUSDT,69559.6,0.016,sell,2104395215
2024-03-28T00:15:31.316000+00:00,BTCUSDT,69559.5,0.128,sell,2104395216
2024-03-28T00:15:31.316000+00:00,BTCUSDT,69559.3,0.084,sell,2104395217
2024-03-28T00:15:31.505000+00:00,BTCUSDT,69559.4,0.02,buy,2104395218
2024-03-28T00:15:31.931000+00:00,BTCUSDT,69559.3,0.014,sell,2104395219
2024-03-28T00:15:32.120000+00:00,BTCUSDT,69559.4,0.011,buy,2104395220
2024-03-28T00:15:32.159000+00:00,BTCUSDT,69559.3,0.199,sell,2104395221
2024-03-28T00:15:32.159000+00:00,BTCUSDT,69559.2,0.097,sell,2104395222
2024-03-28T00:15:32.159000+00:00,BTCUSDT,69559.0,0.006,sell,2104395223
2024-03-28T00:15:32.286000+00:00,BTCUSDT,69559.1,0.01,buy,2104395224
2024-03-28T00:15:32.665000+00:00,BTCUSDT,69559.1,0.01,buy,2104395225
2024-03-28T00:15:32.713000+00:00,BTCUSDT,69559.0,0.024,sell,2104395226
2024-03-28T00:15:32.871000+00:00,BTCUSDT,69559.1,0.01,buy,2104395227
2024-03-28T00:15:33.083000+00:00,BTCUSDT,69559.0,0.007,sell,2104395228
2024-03-28T00:15:33.114000+00:00,BTCUSDT,69559.1,0.011,buy,2104395229
2024-03-28T00:15:33.205000+00:00,BTCUSDT,69559.0,0.014,sell,2104395230
2024-03-28T00:15:33.332000+00:00,BTCUSDT,69559.1,0.026,buy,2104395231
2024-03-28T00:15:33.631000+00:00,BTCUSDT,69559.1,0.009,buy,2104395232
2024-03-28T00:15:33.872000+00:00,BTCUSDT,69559.1,0.055,buy,2104395233
2024-03-28T00:15:33.908000+00:00,BTCUSDT,69559.0,0.003,sell,2104395234
2024-03-28T00:15:33.908000+00:00,BTCUSDT,69559.1,0.011,buy,2104395235
2024-03-28T00:15:34.180000+00:00,BTCUSDT,69559.0,0.003,sell,2104395236
2024-03-28T00:15:34.253000+00:00,BTCUSDT,69559.1,0.023,buy,2104395237
2024-03-28T00:15:34.450000+00:00,BTCUSDT,69559.1,0.01,buy,2104395238
2024-03-28T00:15:34.757000+00:00,BTCUSDT,69559.0,0.003,sell,2104395239
2024-03-28T00:15:34.809000+00:00,BTCUSDT,69559.1,0.01,buy,2104395240
2024-03-28T00:15:35.005000+00:00,BTCUSDT,69559.1,0.011,buy,2104395241
2024-03-28T00:15:35.155000+00:00,BTCUSDT,69559.0,0.703,sell,2104395242
2024-03-28T00:15:35.372000+00:00,BTCUSDT,69559.1,0.03,buy,2104395243
2024-03-28T00:15:35.483000+00:00,BTCUSDT,69559.1,0.027,buy,2104395244
2024-03-28T00:15:35.604000+00:00,BTCUSDT,69559.1,0.018,buy,2104395245
2024-03-28T00:15:35.835000+00:00,BTCUSDT,69559.0,0.035,sell,2104395246
2024-03-28T00:15:36.005000+00:00,BTCUSDT,69559.1,0.01,buy,2104395247
2024-03-28T00:15:36.109000+00:00,BTCUSDT,69559.0,0.015,sell,2104395248
2024-03-28T00:15:36.324000+00:00,BTCUSDT,69559.0,0.055,sell,2104395249
2024-03-28T00:15:36.418000+00:00,BTCUSDT,69559.1,0.026,buy,2104395250
2024-03-28T00:15:36.574000+00:00,BTCUSDT,69559.1,0.007,buy,2104395251
2024-03-28T00:15:36.711000+00:00,BTCUSDT,69559.0,2.022,sell,2104395252
2024-03-28T00:15:37.180000+00:00,BTCUSDT,69559.1,0.087,buy,2104395253
2024-03-28T00:15:37.338000+00:00,BTCUSDT,69559.1,0.093,buy,2104395254
2024-03-28T00:15:37.492000+00:00,BTCUSDT,69559.0,0.064,sell,2104395255
2024-03-28T00:15:37.741000+00:00,BTCUSDT,69559.0,0.017,sell,2104395256
2024-03-28T00:15:37.814000+00:00,BTCUSDT,69559.1,0.19,buy,2104395257
2024-03-28T00:15:38.211000+00:00,BTCUSDT,69559.0,0.003,sell,2104395258
2024-03-28T00:15:38.321000+00:00,BTCUSDT,69559.0,0.014,sell,2104395259
2024-03-28T00:15:38.346000+00:00,BTCUSDT,69559.1,0.031,buy,2104395260
2024-03-28T00:15:38.474000+00:00,BTCUSDT,69559.0,0.064,sell,2104395261
2024-03-28T00:15:38.851000+00:00,BTCUSDT,69559.1,0.015,buy,2104395262
2024-03-28T00:15:38.983000+00:00,BTCUSDT,69559.0,0.22,sell,2104395263
2024-03-28T00:15:39.145000+00:00,BTCUSDT,69559.1,0.032,buy,2104395264
2024-03-28T00:15:39.461000+00:00,BTCUSDT,69559.0,0.025,sell,2104395265
2024-03-28T00:15:39.570000+00:00,BTCUSDT,69559.1,0.02,buy,2104395266
2024-03-28T00:15:39.654000+00:00,BTCUSDT,69559.0,0.005,sell,2104395267
2024-03-28T00:15:39.792000+00:00,BTCUSDT,69559.0,0.02,sell,2104395268
2024-03-28T00:15:39.939000+00:00,BTCUSDT,69559.1,0.006,buy,2104395269
2024-03-28T00:15:40.137000+00:00,BTCUSDT,69559.0,0.011,sell,2104395270
2024-03-28T00:15:40.284000+00:00,BTCUSDT,69559.1,0.01,buy,2104395271
2024-03-28T00:15:40.295000+00:00,BTCUSDT,69559.0,1.845,sell,2104395272
2024-03-28T00:15:40.298000+00:00,BTCUSDT,69558.9,0.163,sell,2104395273
2024-03-28T00:15:40.349000+00:00,BTCUSDT,69558.7,0.061,sell,2104395274
2024-03-28T00:15:40.349000+00:00,BTCUSDT,69558.6,0.004,sell,2104395275
2024-03-28T00:15:40.349000+00:00,BTCUSDT,69558.4,0.003,sell,2104395276
2024-03-28T00:15:40.417000+00:00,BTCUSDT,69558.1,0.011,buy,2104395277
2024-03-28T00:15:40.490000+00:00,BTCUSDT,69558.0,0.568,sell,2104395278
2024-03-28T00:15:40.491000+00:00,BTCUSDT,69557.8,0.002,sell,2104395279
2024-03-28T00:15:40.491000+00:00,BTCUSDT,69557.7,0.002,sell,2104395280
2024-03-28T00:15:40.492000+00:00,BTCUSDT,69557.6,0.1,sell,2104395281
2024-03-28T00:15:40.492000+00:00,BTCUSDT,69557.5,0.002,sell,2104395282
2024-03-28T00:15:40.492000+00:00,BTCUSDT,69557.4,0.143,sell,2104395283
2024-03-28T00:15:40.493000+00:00,BTCUSDT,69557.1,0.002,sell,2104395284
2024-03-28T00:15:40.507000+00:00,BTCUSDT,69557.0,0.004,sell,2104395285
2024-03-28T00:15:40.507000+00:00,BTCUSDT,69556.9,0.039,sell,2104395286
2024-03-28T00:15:40.508000+00:00,BTCUSDT,69557.0,0.033,buy,2104395287
2024-03-28T00:15:40.508000+00:00,BTCUSDT,69556.9,0.131,sell,2104395288
2024-03-28T00:15:40.512000+00:00,BTCUSDT,69556.6,0.01,sell,2104395289
2024-03-28T00:15:40.610000+00:00,BTCUSDT,69556.7,0.488,buy,2104395290
2024-03-28T00:15:40.879000+00:00,BTCUSDT,69556.6,0.066,sell,2104395291
2024-03-28T00:15:40.879000+00:00,BTCUSDT,69556.5,0.103,sell,2104395292
2024-03-28T00:15:40.879000+00:00,BTCUSDT,69556.2,0.003,sell,2104395293
2024-03-28T00:15:40.882000+00:00,BTCUSDT,69556.0,0.004,sell,2104395294
2024-03-28T00:15:40.882000+00:00,BTCUSDT,69555.8,0.002,sell,2104395295
2024-03-28T00:15:40.931000+00:00,BTCUSDT,69555.7,0.003,buy,2104395296
2024-03-28T00:15:41.055000+00:00,BTCUSDT,69555.7,0.014,buy,2104395297
2024-03-28T00:15:41.208000+00:00,BTCUSDT,69555.7,0.011,buy,2104395298
2024-03-28T00:15:41.304000+00:00,BTCUSDT,69555.6,0.016,sell,2104395299
2024-03-28T00:15:41.549000+00:00,BTCUSDT,69555.7,0.01,buy,2104395300
2024-03-28T00:15:41.632000+00:00,BTCUSDT,69555.6,0.004,sell,2104395301
2024-03-28T00:15:41.636000+00:00,BTCUSDT,69555.7,0.011,buy,2104395302
2024-03-28T00:15:41.816000+00:00,BTCUSDT,69555.7,0.01,buy,2104395303
2024-03-28T00:15:42.006000+00:00,BTCUSDT,69555.7,0.201,buy,2104395304
2024-03-28T00:15:42.152000+00:00,BTCUSDT,69555.7,0.01,buy,2104395305
2024-03-28T00:15:42.238000+00:00,BTCUSDT,69555.6,0.025,sell,2104395306
2024-03-28T00:15:42.478000+00:00,BTCUSDT,69555.6,0.318,sell,2104395307
2024-03-28T00:15:42.563000+00:00,BTCUSDT,69555.7,0.01,buy,2104395308
2024-03-28T00:15:42.839000+00:00,BTCUSDT,69555.6,0.117,sell,2104395309
2024-03-28T00:15:42.861000+00:00,BTCUSDT,69555.7,0.011,buy,2104395310
2024-03-28T00:15:42.873000+00:00,BTCUSDT,69555.6,0.838,sell,2104395311
2024-03-28T00:15:43.010000+00:00,BTCUSDT,69555.6,0.003,sell,2104395312
2024-03-28T00:15:43.064000+00:00,BTCUSDT,69555.7,0.024,buy,2104395313
2024-03-28T00:15:43.166000+00:00,BTCUSDT,69555.6,0.06,sell,2104395314
2024-03-28T00:15:43.243000+00:00,BTCUSDT,69555.7,0.003,buy,2104395315
2024-03-28T00:15:43.418000+00:00,BTCUSDT,69555.6,0.047,sell,2104395316
2024-03-28T00:15:43.691000+00:00,BTCUSDT,69555.7,0.01,buy,2104395317
2024-03-28T00:15:43.711000+00:00,BTCUSDT,69555.6,0.064,sell,2104395318
2024-03-28T00:15:43.799000+00:00,BTCUSDT,69555.7,0.012,buy,2104395319
2024-03-28T00:15:43.856000+00:00,BTCUSDT,69555.6,0.002,sell,2104395320
2024-03-28T00:15:44.003000+00:00,BTCUSDT,69555.6,0.021,sell,2104395321
2024-03-28T00:15:44.059000+00:00,BTCUSDT,69555.7,0.026,buy,2104395322
2024-03-28T00:15:44.067000+00:00,BTCUSDT,69555.6,0.006,sell,2104395323
2024-03-28T00:15:44.534000+00:00,BTCUSDT,69555.7,0.01,buy,2104395324
2024-03-28T00:15:44.941000+00:00,BTCUSDT,69555.7,0.011,buy,2104395325
2024-03-28T00:15:45.124000+00:00,BTCUSDT,69555.7,0.396,buy,2104395326
2024-03-28T00:15:45.188000+00:00,BTCUSDT,69556.5,0.015,buy,2104395327
2024-03-28T00:15:45.188000+00:00,BTCUSDT,69556.6,0.003,buy,2104395328
2024-03-28T00:15:45.188000+00:00,BTCUSDT,69556.8,0.002,buy,2104395329
2024-03-28T00:15:45.188000+00:00,BTCUSDT,69557.0,0.007,buy,2104395330
2024-03-28T00:15:45.188000+00:00,BTCUSDT,69557.4,0.003,buy,2104395331
2024-03-28T00:15:45.188000+00:00,BTCUSDT,69557.8,0.003,buy,2104395332
2024-03-28T00:15:45.188000+00:00,BTCUSDT,69558.0,0.002,buy,2104395333
2024-03-28T00:15:45.188000+00:00,BTCUSDT,69558.2,0.003,buy,2104395334
2024-03-28T00:15:45.188000+00:00,BTCUSDT,69558.6,0.003,buy,2104395335
2024-03-28T00:15:45.188000+00:00,BTCUSDT,69558.7,0.002,buy,2104395336
2024-03-28T00:15:45.188000+00:00,BTCUSDT,69559.0,0.586,buy,2104395337
2024-03-28T00:15:45.316000+00:00,BTCUSDT,69559.0,0.053,buy,2104395338
2024-03-28T00:15:45.422000+00:00,BTCUSDT,69558.9,0.023,sell,2104395339
2024-03-28T00:15:45.815000+00:00,BTCUSDT,69559.0,0.021,buy,2104395340
2024-03-28T00:15:46.059000+00:00,BTCUSDT,69558.9,0.003,sell,2104395341
2024-03-28T00:15:46.177000+00:00,BTCUSDT,69558.9,0.022,sell,2104395342
2024-03-28T00:15:46.393000+00:00,BTCUSDT,69558.9,0.133,sell,2104395343
2024-03-28T00:15:46.409000+00:00,BTCUSDT,69559.0,0.02,buy,2104395344
2024-03-28T00:15:46.481000+00:00,BTCUSDT,69558.9,0.702,sell,2104395345
2024-03-28T00:15:46.966000+00:00,BTCUSDT,69559.0,0.021,buy,2104395346
2024-03-28T00:15:47.026000+00:00,BTCUSDT,69558.9,0.219,sell,2104395347
2024-03-28T00:15:47.329000+00:00,BTCUSDT,69558.9,0.002,sell,2104395348
2024-03-28T00:15:47.445000+00:00,BTCUSDT,69559.0,1.064,buy,2104395349
2024-03-28T00:15:47.445000+00:00,BTCUSDT,69559.1,0.126,buy,2104395350
2024-03-28T00:15:47.445000+00:00,BTCUSDT,69559.2,0.002,buy,2104395351
2024-03-28T00:15:47.445000+00:00,BTCUSDT,69559.7,0.12,buy,2104395352
2024-03-28T00:15:47.446000+00:00,BTCUSDT,69560.0,0.609,buy,2104395353
2024-03-28T00:15:47.462000+00:00,BTCUSDT,69560.4,0.002,buy,2104395354
2024-03-28T00:15:47.462000+00:00,BTCUSDT,69560.7,0.002,buy,2104395355
2024-03-28T00:15:47.462000+00:00,BTCUSDT,69561.4,0.048,buy,2104395356
2024-03-28T00:15:47.502000+00:00,BTCUSDT,69561.9,0.088,sell,2104395357
2024-03-28T00:15:47.615000+00:00,BTCUSDT,69562.0,0.01,buy,2104395358
2024-03-28T00:15:47.779000+00:00,BTCUSDT,69562.0,0.026,buy,2104395359
2024-03-28T00:15:47.805000+00:00,BTCUSDT,69562.1,0.072,buy,2104395360
2024-03-28T00:15:47.805000+00:00,BTCUSDT,69562.5,0.004,buy,2104395361
2024-03-28T00:15:47.805000+00:00,BTCUSDT,69563.6,0.003,buy,2104395362
2024-03-28T00:15:47.827000+00:00,BTCUSDT,69564.0,0.017,buy,2104395363
2024-03-28T00:15:47.937000+00:00,BTCUSDT,69564.0,0.028,buy,2104395364
2024-03-28T00:15:48.128000+00:00,BTCUSDT,69564.6,0.008,sell,2104395365
2024-03-28T00:15:48.129000+00:00,BTCUSDT,69564.7,0.004,buy,2104395366
2024-03-28T00:15:48.129000+00:00,BTCUSDT,69565.5,0.002,buy,2104395367
2024-03-28T00:15:48.129000+00:00,BTCUSDT,69566.0,0.002,buy,2104395368
2024-03-28T00:15:48.334000+00:00,BTCUSDT,69566.4,0.043,sell,2104395369
2024-03-28T00:15:48.338000+00:00,BTCUSDT,69566.5,0.021,buy,2104395370
2024-03-28T00:15:48.455000+00:00,BTCUSDT,69566.5,0.009,buy,2104395371
2024-03-28T00:15:48.459000+00:00,BTCUSDT,69568.0,0.002,buy,2104395372
2024-03-28T00:15:48.459000+00:00,BTCUSDT,69568.4,0.002,buy,2104395373
2024-03-28T00:15:48.459000+00:00,BTCUSDT,69568.8,0.002,buy,2104395374
2024-03-28T00:15:48.459000+00:00,BTCUSDT,69569.3,0.002,buy,2104395375
2024-03-28T00:15:48.459000+00:00,BTCUSDT,69569.8,0.002,buy,2104395376
2024-03-28T00:15:48.473000+00:00,BTCUSDT,69569.9,0.074,buy,2104395377
2024-03-28T00:15:48.477000+00:00,BTCUSDT,69570.1,0.004,buy,2104395378
2024-03-28T00:15:48.477000+00:00,BTCUSDT,69571.2,0.002,buy,2104395379
2024-03-28T00:15:48.485000+00:00,BTCUSDT,69571.4,0.057,buy,2104395380
2024-03-28T00:15:48.555000+00:00,BTCUSDT,69572.0,0.68,buy,2104395381
2024-03-28T00:15:48.555000+00:00,BTCUSDT,69572.1,0.002,buy,2104395382
2024-03-28T00:15:48.555000+00:00,BTCUSDT,69572.5,0.464,buy,2104395383
2024-03-28T00:15:48.555000+00:00,BTCUSDT,69572.7,0.022,buy,2104395384
2024-03-28T00:15:48.555000+00:00,BTCUSDT,69573.0,0.002,buy,2104395385
2024-03-28T00:15:48.555000+00:00,BTCUSDT,69573.2,0.01,buy,2104395386
2024-03-28T00:15:48.555000+00:00,BTCUSDT,69573.5,0.004,buy,2104395387
2024-03-28T00:15:48.571000+00:00,BTCUSDT,69573.7,0.102,sell,2104395388
2024-03-28T00:15:48.638000+00:00,BTCUSDT,69573.9,0.004,buy,2104395389
2024-03-28T00:15:48.638000+00:00,BTCUSDT,69574.3,0.005,buy,2104395390
2024-03-28T00:15:48.639000+00:00,BTCUSDT,69574.8,0.004,buy,2104395391
2024-03-28T00:15:48.639000+00:00,BTCUSDT,69575.1,0.002,buy,2104395392
2024-03-28T00:15:48.639000+00:00,BTCUSDT,69575.7,0.002,buy,2104395393
2024-03-28T00:15:48.639000+00:00,BTCUSDT,69575.8,0.002,buy,2104395394
2024-03-28T00:15:48.639000+00:00,BTCUSDT,69576.0,0.004,buy,2104395395
2024-03-28T00:15:48.720000+00:00,BTCUSDT,69576.4,0.031,sell,2104395396
2024-03-28T00:15:48.878000+00:00,BTCUSDT,69576.5,0.203,buy,2104395397
2024-03-28T00:15:48.884000+00:00,BTCUSDT,69578.0,0.002,buy,2104395398
2024-03-28T00:15:48.885000+00:00,BTCUSDT,69578.2,0.004,buy,2104395399
2024-03-28T00:15:48.885000+00:00,BTCUSDT,69578.8,0.002,sell,2104395400
2024-03-28T00:15:48.909000+00:00,BTCUSDT,69580.0,0.01,buy,2104395401
2024-03-28T00:15:49.178000+00:00,BTCUSDT,69579.9,0.005,sell,2104395402
2024-03-28T00:15:49.294000+00:00,BTCUSDT,69580.0,0.011,buy,2104395403
2024-03-28T00:15:49.653000+00:00,BTCUSDT,69581.7,0.389,sell,2104395404
2024-03-28T00:15:49.765000+00:00,BTCUSDT,69581.8,0.05,buy,2104395405
2024-03-28T00:15:49.906000+00:00,BTCUSDT,69581.8,0.01,buy,2104395406
2024-03-28T00:15:49.927000+00:00,BTCUSDT,69581.7,0.003,sell,2104395407
2024-03-28T00:15:50.299000+00:00,BTCUSDT,69581.7,0.005,sell,2104395408
2024-03-28T00:15:50.486000+00:00,BTCUSDT,69581.8,0.01,buy,2104395409
2024-03-28T00:15:50.620000+00:00,BTCUSDT,69581.8,0.011,buy,2104395410
2024-03-28T00:15:50.736000+00:00,BTCUSDT,69581.8,0.004,buy,2104395411
2024-03-28T00:15:51+00:00,BTCUSDT,69581.8,0.012,buy,2104395412
2024-03-28T00:15:51.112000+00:00,BTCUSDT,69581.8,0.004,buy,2104395413
2024-03-28T00:15:51.123000+00:00,BTCUSDT,69581.7,0.016,sell,2104395414
2024-03-28T00:15:51.155000+00:00,BTCUSDT,69581.8,0.18,buy,2104395415
2024-03-28T00:15:51.509000+00:00,BTCUSDT,69581.8,0.024,buy,2104395416
2024-03-28T00:15:51.640000+00:00,BTCUSDT,69581.7,0.647,sell,2104395417
2024-03-28T00:15:51.640000+00:00,BTCUSDT,69581.2,0.065,sell,2104395418
2024-03-28T00:15:51.640000+00:00,BTCUSDT,69580.6,0.06,sell,2104395419
2024-03-28T00:15:51.640000+00:00,BTCUSDT,69580.4,0.02,sell,2104395420
2024-03-28T00:15:51.640000+00:00,BTCUSDT,69580.0,0.009,sell,2104395421
2024-03-28T00:15:51.640000+00:00,BTCUSDT,69579.6,0.029,sell,2104395422
2024-03-28T00:15:51.640000+00:00,BTCUSDT,69579.4,0.003,sell,2104395423
2024-03-28T00:15:51.640000+00:00,BTCUSDT,69579.0,0.057,sell,2104395424
2024-03-28T00:15:51.640000+00:00,BTCUSDT,69578.8,0.003,sell,2104395425
2024-03-28T00:15:51.640000+00:00,BTCUSDT,69578.4,0.002,sell,2104395426
2024-03-28T00:15:51.640000+00:00,BTCUSDT,69578.2,0.211,sell,2104395427
2024-03-28T00:15:51.640000+00:00,BTCUSDT,69578.0,0.031,sell,2104395428
2024-03-28T00:15:51.640000+00:00,BTCUSDT,69577.9,0.25,sell,2104395429
2024-03-28T00:15:51.640000+00:00,BTCUSDT,69577.6,0.003,sell,2104395430
2024-03-28T00:15:51.640000+00:00,BTCUSDT,69577.4,0.123,sell,2104395431
2024-03-28T00:15:51.640000+00:00,BTCUSDT,69576.6,0.003,sell,2104395432
2024-03-28T00:15:51.640000+00:00,BTCUSDT,69576.4,0.288,sell,2104395433
2024-03-28T00:15:51.640000+00:00,BTCUSDT,69576.1,0.002,sell,2104395434
2024-03-28T00:15:51.640000+00:00,BTCUSDT,69576.0,0.002,sell,2104395435
2024-03-28T00:15:51.640000+00:00,BTCUSDT,69575.9,0.1,sell,2104395436
2024-03-28T00:15:51.640000+00:00,BTCUSDT,69575.8,0.057,sell,2104395437
2024-03-28T00:15:51.640000+00:00,BTCUSDT,69575.7,0.168,sell,2104395438
2024-03-28T00:15:51.640000+00:00,BTCUSDT,69575.3,0.072,sell,2104395439
2024-03-28T00:15:51.640000+00:00,BTCUSDT,69575.1,0.002,sell,2104395440
2024-03-28T00:15:51.640000+00:00,BTCUSDT,69575.0,0.002,sell,2104395441
2024-03-28T00:15:51.640000+00:00,BTCUSDT,69574.8,0.045,sell,2104395442
2024-03-28T00:15:51.640000+00:00,BTCUSDT,69574.7,0.072,sell,2104395443
2024-03-28T00:15:51.640000+00:00,BTCUSDT,69574.6,0.002,sell,2104395444
2024-03-28T00:15:51.640000+00:00,BTCUSDT,69574.4,0.423,sell,2104395445
2024-03-28T00:15:51.640000+00:00,BTCUSDT,69574.3,0.085,sell,2104395446
2024-03-28T00:15:51.640000+00:00,BTCUSDT,69574.2,0.209,sell,2104395447
2024-03-28T00:15:51.640000+00:00,BTCUSDT,69574.0,0.076,sell,2104395448
2024-03-28T00:15:51.640000+00:00,BTCUSDT,69573.8,0.15,sell,2104395449
2024-03-28T00:15:51.640000+00:00,BTCUSDT,69573.7,0.133,sell,2104395450
2024-03-28T00:15:51.640000+00:00,BTCUSDT,69573.5,0.1,sell,2104395451
2024-03-28T00:15:51.640000+00:00,BTCUSDT,69573.3,0.002,sell,2104395452
2024-03-28T00:15:51.640000+00:00,BTCUSDT,69573.2,0.029,sell,2104395453
2024-03-28T00:15:51.640000+00:00,BTCUSDT,69573.1,0.696,sell,2104395454
2024-03-28T00:15:51.640000+00:00,BTCUSDT,69573.0,0.091,sell,2104395455
2024-03-28T00:15:51.640000+00:00,BTCUSDT,69572.9,0.716,sell,2104395456
2024-03-28T00:15:51.640000+00:00,BTCUSDT,69572.8,0.689,sell,2104395457
2024-03-28T00:15:51.640000+00:00,BTCUSDT,69572.7,0.428,sell,2104395458
2024-03-28T00:15:51.640000+00:00,BTCUSDT,69572.6,0.176,sell,2104395459
2024-03-28T00:15:51.640000+00:00,BTCUSDT,69572.5,0.271,sell,2104395460
2024-03-28T00:15:51.640000+00:00,BTCUSDT,69572.4,0.002,sell,2104395461
2024-03-28T00:15:51.640000+00:00,BTCUSDT,69572.2,0.173,sell,2104395462
2024-03-28T00:15:51.640000+00:00,BTCUSDT,69572.0,0.256,sell,2104395463
2024-03-28T00:15:51.640000+00:00,BTCUSDT,69571.9,0.105,sell,2104395464
2024-03-28T00:15:51.824000+00:00,BTCUSDT,69572.7,0.25,sell,2104395465
2024-03-28T00:15:51.958000+00:00,BTCUSDT,69572.7,0.078,sell,2104395466
2024-03-28T00:15:52.101000+00:00,BTCUSDT,69572.8,0.011,buy,2104395467
2024-03-28T00:15:52.150000+00:00,BTCUSDT,69572.7,0.031,sell,2104395468
2024-03-28T00:15:52.330000+00:00,BTCUSDT,69572.7,0.002,sell,2104395469
2024-03-28T00:15:52.330000+00:00,BTCUSDT,69572.0,0.002,sell,2104395470
2024-03-28T00:15:52.330000+00:00,BTCUSDT,69571.4,0.002,sell,2104395471
2024-03-28T00:15:52.330000+00:00,BTCUSDT,69571.2,0.003,sell,2104395472
2024-03-28T00:15:52.379000+00:00,BTCUSDT,69570.5,0.01,sell,2104395473
2024-03-28T00:15:52.813000+00:00,BTCUSDT,69570.6,0.01,buy,2104395474
2024-03-28T00:15:53.004000+00:00,BTCUSDT,69570.6,0.021,buy,2104395475
2024-03-28T00:15:53.403000+00:00,BTCUSDT,69570.5,0.156,sell,2104395476
2024-03-28T00:15:53.430000+00:00,BTCUSDT,69570.6,0.017,buy,2104395477
2024-03-28T00:15:53.621000+00:00,BTCUSDT,69570.6,0.02,buy,2104395478
2024-03-28T00:15:53.794000+00:00,BTCUSDT,69570.5,0.034,sell,2104395479
2024-03-28T00:15:54.039000+00:00,BTCUSDT,69570.6,0.009,buy,2104395480
2024-03-28T00:15:54.225000+00:00,BTCUSDT,69570.6,0.01,buy,2104395481
2024-03-28T00:15:54.340000+00:00,BTCUSDT,69570.6,0.011,buy,2104395482
2024-03-28T00:15:54.584000+00:00,BTCUSDT,69570.5,0.004,sell,2104395483
2024-03-28T00:15:54.713000+00:00,BTCUSDT,69570.6,0.027,buy,2104395484
2024-03-28T00:15:55.049000+00:00,BTCUSDT,69570.6,0.01,buy,2104395485
2024-03-28T00:15:55.128000+00:00,BTCUSDT,69570.5,0.586,sell,2104395486
2024-03-28T00:15:55.353000+00:00,BTCUSDT,69570.6,0.01,buy,2104395487
2024-03-28T00:15:55.621000+00:00,BTCUSDT,69570.5,0.024,sell,2104395488
2024-03-28T00:15:55.949000+00:00,BTCUSDT,69570.6,0.01,buy,2104395489
2024-03-28T00:15:56.152000+00:00,BTCUSDT,69570.6,0.014,buy,2104395490
2024-03-28T00:15:56.448000+00:00,BTCUSDT,69570.6,0.143,buy,2104395491
2024-03-28T00:15:56.482000+00:00,BTCUSDT,69570.5,0.04,sell,2104395492
2024-03-28T00:15:56.569000+00:00,BTCUSDT,69570.6,0.01,buy,2104395493
2024-03-28T00:15:56.842000+00:00,BTCUSDT,69570.5,0.01,sell,2104395494
2024-03-28T00:15:56.895000+00:00,BTCUSDT,69570.6,0.003,buy,2104395495
2024-03-28T00:15:57.152000+00:00,BTCUSDT,69570.6,0.012,buy,2104395496
2024-03-28T00:15:57.463000+00:00,BTCUSDT,69570.5,0.011,sell,2104395497
2024-03-28T00:15:57.518000+00:00,BTCUSDT,69570.6,0.013,buy,2104395498
2024-03-28T00:15:57.743000+00:00,BTCUSDT,69570.5,0.02,sell,2104395499
2024-03-28T00:15:57.958000+00:00,BTCUSDT,69570.5,0.023,sell,2104395500
2024-03-28T00:15:58.024000+00:00,BTCUSDT,69570.6,0.01,buy,2104395501
2024-03-28T00:15:58.228000+00:00,BTCUSDT,69570.6,0.352,buy,2104395502
2024-03-28T00:15:58.300000+00:00,BTCUSDT,69571.0,0.003,buy,2104395503
2024-03-28T00:15:58.300000+00:00,BTCUSDT,69571.2,0.033,buy,2104395504
2024-03-28T00:15:58.300000+00:00,BTCUSDT,69571.6,0.003,buy,2104395505
2024-03-28T00:15:58.300000+00:00,BTCUSDT,69572.0,0.228,buy,2104395506
2024-03-28T00:15:58.300000+00:00,BTCUSDT,69572.1,0.3,buy,2104395507
2024-03-28T00:15:58.300000+00:00,BTCUSDT,69572.2,0.003,buy,2104395508
2024-03-28T00:15:58.300000+00:00,BTCUSDT,69572.6,0.057,buy,2104395509
2024-03-28T00:15:58.300000+00:00,BTCUSDT,69572.8,0.531,buy,2104395510
2024-03-28T00:15:58.302000+00:00,BTCUSDT,69572.7,0.035,sell,2104395511
2024-03-28T00:15:58.310000+00:00,BTCUSDT,69572.8,0.145,buy,2104395512
2024-03-28T00:15:58.310000+00:00,BTCUSDT,69572.9,0.002,buy,2104395513
2024-03-28T00:15:58.310000+00:00,BTCUSDT,69573.0,0.002,buy,2104395514
2024-03-28T00:15:58.354000+00:00,BTCUSDT,69574.5,0.014,buy,2104395515
2024-03-28T00:15:58.558000+00:00,BTCUSDT,69574.4,0.021,sell,2104395516
2024-03-28T00:15:58.616000+00:00,BTCUSDT,69574.5,0.01,buy,2104395517
2024-03-28T00:15:58.729000+00:00,BTCUSDT,69574.4,0.004,sell,2104395518
2024-03-28T00:15:58.793000+00:00,BTCUSDT,69574.5,0.002,buy,2104395519
2024-03-28T00:15:58.959000+00:00,BTCUSDT,69574.4,0.029,sell,2104395520
2024-03-28T00:15:59.066000+00:00,BTCUSDT,69574.5,0.02,buy,2104395521
2024-03-28T00:15:59.581000+00:00,BTCUSDT,69574.5,0.01,buy,2104395522
2024-03-28T00:15:59.794000+00:00,BTCUSDT,69574.5,0.028,buy,2104395523
2024-03-28T00:16:00.057000+00:00,BTCUSDT,69574.6,0.003,buy,2104395524
2024-03-28T00:16:00.105000+00:00,BTCUSDT,69574.5,0.034,sell,2104395525
2024-03-28T00:16:00.384000+00:00,BTCUSDT,69574.6,0.01,buy,2104395526
2024-03-28T00:16:00.764000+00:00,BTCUSDT,69574.5,0.035,sell,2104395527
2024-03-28T00:16:00.801000+00:00,BTCUSDT,69574.6,0.01,buy,2104395528
2024-03-28T00:16:00.816000+00:00,BTCUSDT,69574.5,0.072,sell,2104395529
2024-03-28T00:16:00.847000+00:00,BTCUSDT,69574.6,0.087,buy,2104395530
2024-03-28T00:16:01.173000+00:00,BTCUSDT,69574.5,0.143,sell,2104395531
2024-03-28T00:16:01.259000+00:00,BTCUSDT,69574.6,0.039,buy,2104395532
2024-03-28T00:16:01.449000+00:00,BTCUSDT,69574.5,1.438,sell,2104395533
2024-03-28T00:16:01.694000+00:00,BTCUSDT,69574.6,0.01,buy,2104395534
2024-03-28T00:16:01.700000+00:00,BTCUSDT,69574.5,0.042,sell,2104395535
2024-03-28T00:16:01.958000+00:00,BTCUSDT,69574.6,0.011,buy,2104395536
2024-03-28T00:16:02.054000+00:00,BTCUSDT,69574.5,0.138,sell,2104395537
2024-03-28T00:16:02.064000+00:00,BTCUSDT,69574.6,0.004,buy,2104395538
2024-03-28T00:16:02.151000+00:00,BTCUSDT,69574.6,0.046,sell,2104395539
2024-03-28T00:16:02.293000+00:00,BTCUSDT,69574.7,0.002,buy,2104395540
2024-03-28T00:16:02.293000+00:00,BTCUSDT,69574.9,0.014,buy,2104395541
2024-03-28T00:16:02.575000+00:00,BTCUSDT,69574.8,0.002,sell,2104395542
2024-03-28T00:16:02.620000+00:00,BTCUSDT,69574.9,0.101,buy,2104395543
2024-03-28T00:16:02.625000+00:00,BTCUSDT,69576.0,0.002,buy,2104395544
2024-03-28T00:16:02.625000+00:00,BTCUSDT,69576.5,0.002,buy,2104395545
2024-03-28T00:16:02.625000+00:00,BTCUSDT,69576.6,0.004,buy,2104395546
2024-03-28T00:16:02.625000+00:00,BTCUSDT,69577.2,0.002,buy,2104395547
2024-03-28T00:16:02.737000+00:00,BTCUSDT,69577.7,0.004,buy,2104395548
2024-03-28T00:16:02.737000+00:00,BTCUSDT,69578.9,0.008,buy,2104395549
2024-03-28T00:16:02.744000+00:00,BTCUSDT,69579.8,0.069,buy,2104395550
2024-03-28T00:16:02.744000+00:00,BTCUSDT,69580.0,0.014,buy,2104395551
2024-03-28T00:16:02.744000+00:00,BTCUSDT,69580.2,0.005,buy,2104395552
2024-03-28T00:16:02.744000+00:00,BTCUSDT,69580.3,0.002,buy,2104395553
2024-03-28T00:16:02.744000+00:00,BTCUSDT,69580.8,0.003,buy,2104395554
2024-03-28T00:16:02.744000+00:00,BTCUSDT,69580.9,0.04,buy,2104395555
2024-03-28T00:16:02.744000+00:00,BTCUSDT,69581.4,0.002,buy,2104395556
2024-03-28T00:16:02.744000+00:00,BTCUSDT,69581.5,0.002,buy,2104395557
2024-03-28T00:16:02.753000+00:00,BTCUSDT,69581.6,0.008,buy,2104395558
2024-03-28T00:16:02.962000+00:00,BTCUSDT,69582.1,0.002,buy,2104395559
2024-03-28T00:16:02.962000+00:00,BTCUSDT,69582.7,0.01,buy,2104395560
2024-03-28T00:16:03.012000+00:00,BTCUSDT,69582.9,0.005,sell,2104395561
2024-03-28T00:16:03.056000+00:00,BTCUSDT,69583.0,0.188,buy,2104395562
2024-03-28T00:16:03.130000+00:00,BTCUSDT,69582.9,0.102,sell,2104395563
2024-03-28T00:16:03.450000+00:00,BTCUSDT,69582.9,0.019,sell,2104395564
2024-03-28T00:16:03.510000+00:00,BTCUSDT,69583.0,0.021,buy,2104395565
2024-03-28T00:16:03.626000+00:00,BTCUSDT,69582.9,0.057,sell,2104395566
2024-03-28T00:16:03.629000+00:00,BTCUSDT,69583.0,0.005,buy,2104395567
2024-03-28T00:16:03.740000+00:00,BTCUSDT,69583.0,0.699,buy,2104395568
2024-03-28T00:16:03.741000+00:00,BTCUSDT,69583.1,0.069,buy,2104395569
2024-03-28T00:16:03.741000+00:00,BTCUSDT,69583.2,0.12,buy,2104395570
2024-03-28T00:16:03.744000+00:00,BTCUSDT,69583.3,0.004,buy,2104395571
2024-03-28T00:16:03.748000+00:00,BTCUSDT,69583.5,0.002,buy,2104395572
2024-03-28T00:16:03.748000+00:00,BTCUSDT,69583.6,0.002,buy,2104395573
2024-03-28T00:16:03.760000+00:00,BTCUSDT,69584.0,0.006,buy,2104395574
2024-03-28T00:16:03.760000+00:00,BTCUSDT,69584.3,0.004,buy,2104395575
2024-03-28T00:16:03.760000+00:00,BTCUSDT,69585.1,0.017,buy,2104395576
2024-03-28T00:16:03.774000+00:00,BTCUSDT,69585.5,0.015,buy,2104395577
2024-03-28T00:16:03.774000+00:00,BTCUSDT,69585.6,0.002,buy,2104395578
2024-03-28T00:16:03.774000+00:00,BTCUSDT,69586.0,0.002,buy,2104395579
2024-03-28T00:16:03.774000+00:00,BTCUSDT,69586.7,0.016,buy,2104395580
2024-03-28T00:16:03.774000+00:00,BTCUSDT,69587.3,0.004,buy,2104395581
2024-03-28T00:16:03.774000+00:00,BTCUSDT,69587.5,0.002,buy,2104395582
2024-03-28T00:16:03.774000+00:00,BTCUSDT,69587.7,0.002,buy,2104395583
2024-03-28T00:16:03.774000+00:00,BTCUSDT,69588.0,0.004,buy,2104395584
2024-03-28T00:16:03.821000+00:00,BTCUSDT,69588.8,0.072,buy,2104395585
2024-03-28T00:16:03.821000+00:00,BTCUSDT,69589.1,0.024,buy,2104395586
2024-03-28T00:16:03.821000+00:00,BTCUSDT,69589.7,0.258,buy,2104395587
2024-03-28T00:16:03.821000+00:00,BTCUSDT,69589.8,0.325,buy,2104395588
2024-03-28T00:16:03.831000+00:00,BTCUSDT,69590.0,0.007,buy,2104395589
2024-03-28T00:16:03.856000+00:00,BTCUSDT,69590.9,0.044,buy,2104395590
2024-03-28T00:16:03.860000+00:00,BTCUSDT,69590.8,0.074,sell,2104395591
2024-03-28T00:16:03.866000+00:00,BTCUSDT,69591.0,0.005,buy,2104395592
2024-03-28T00:16:03.866000+00:00,BTCUSDT,69592.0,0.002,buy,2104395593
2024-03-28T00:16:03.866000+00:00,BTCUSDT,69592.2,0.004,buy,2104395594
2024-03-28T00:16:03.874000+00:00,BTCUSDT,69592.6,0.002,sell,2104395595
2024-03-28T00:16:03.874000+00:00,BTCUSDT,69592.7,0.002,buy,2104395596
2024-03-28T00:16:03.874000+00:00,BTCUSDT,69592.8,0.002,buy,2104395597
2024-03-28T00:16:03.874000+00:00,BTCUSDT,69593.0,0.002,buy,2104395598
2024-03-28T00:16:03.874000+00:00,BTCUSDT,69593.6,0.01,buy,2104395599
2024-03-28T00:16:03.874000+00:00,BTCUSDT,69593.7,0.047,buy,2104395600
2024-03-28T00:16:03.880000+00:00,BTCUSDT,69593.7,0.003,sell,2104395601
2024-03-28T00:16:03.946000+00:00,BTCUSDT,69593.8,0.013,buy,2104395602
2024-03-28T00:16:04.052000+00:00,BTCUSDT,69593.8,0.01,buy,2104395603
2024-03-28T00:16:04.143000+00:00,BTCUSDT,69594.0,0.177,buy,2104395604
2024-03-28T00:16:04.143000+00:00,BTCUSDT,69594.1,0.06,buy,2104395605
2024-03-28T00:16:04.201000+00:00,BTCUSDT,69594.1,0.005,sell,2104395606
2024-03-28T00:16:04.317000+00:00,BTCUSDT,69594.2,0.002,buy,2104395607
2024-03-28T00:16:04.413000+00:00,BTCUSDT,69594.5,0.01,buy,2104395608
2024-03-28T00:16:04.808000+00:00,BTCUSDT,69594.5,0.01,buy,2104395609
2024-03-28T00:16:04.854000+00:00,BTCUSDT,69594.4,0.188,sell,2104395610
2024-03-28T00:16:05.210000+00:00,BTCUSDT,69594.4,0.007,sell,2104395611
2024-03-28T00:16:05.223000+00:00,BTCUSDT,69594.5,0.037,buy,2104395612
2024-03-28T00:16:05.226000+00:00,BTCUSDT,69595.0,0.09,buy,2104395613
2024-03-28T00:16:05.226000+00:00,BTCUSDT,69595.2,0.002,buy,2104395614
2024-03-28T00:16:05.226000+00:00,BTCUSDT,69595.4,0.002,buy,2104395615
2024-03-28T00:16:05.226000+00:00,BTCUSDT,69595.8,0.004,buy,2104395616
2024-03-28T00:16:05.226000+00:00,BTCUSDT,69596.0,0.012,buy,2104395617
2024-03-28T00:16:05.226000+00:00,BTCUSDT,69596.1,0.002,buy,2104395618
2024-03-28T00:16:05.226000+00:00,BTCUSDT,69596.5,0.123,buy,2104395619
2024-03-28T00:16:05.226000+00:00,BTCUSDT,69597.0,0.01,buy,2104395620
2024-03-28T00:16:05.269000+00:00,BTCUSDT,69598.0,0.002,buy,2104395621
2024-03-28T00:16:05.269000+00:00,BTCUSDT,69598.1,0.004,buy,2104395622
2024-03-28T00:16:05.269000+00:00,BTCUSDT,69598.4,0.002,buy,2104395623
2024-03-28T00:16:05.269000+00:00,BTCUSDT,69598.8,0.049,buy,2104395624
2024-03-28T00:16:05.270000+00:00,BTCUSDT,69599.0,0.01,buy,2104395625
2024-03-28T00:16:05.270000+00:00,BTCUSDT,69599.1,0.009,buy,2104395626
2024-03-28T00:16:05.270000+00:00,BTCUSDT,69599.2,0.1,buy,2104395627
2024-03-28T00:16:05.270000+00:00,BTCUSDT,69599.4,0.003,buy,2104395628
2024-03-28T00:16:05.270000+00:00,BTCUSDT,69599.5,0.371,buy,2104395629
2024-03-28T00:16:05.270000+00:00,BTCUSDT,69599.6,0.718,buy,2104395630
2024-03-28T00:16:05.270000+00:00,BTCUSDT,69600.0,0.409,buy,2104395631
2024-03-28T00:16:05.381000+00:00,BTCUSDT,69600.3,0.01,buy,2104395632
2024-03-28T00:16:05.495000+00:00,BTCUSDT,69600.2,0.896,sell,2104395633
2024-03-28T00:16:05.611000+00:00,BTCUSDT,69600.3,0.021,buy,2104395634
2024-03-28T00:16:05.888000+00:00,BTCUSDT,69600.2,0.016,sell,2104395635
2024-03-28T00:16:06.205000+00:00,BTCUSDT,69600.3,0.02,buy,2104395636
2024-03-28T00:16:06.735000+00:00,BTCUSDT,69600.3,0.022,buy,2104395637
2024-03-28T00:16:06.878000+00:00,BTCUSDT,69600.3,0.015,buy,2104395638
2024-03-28T00:16:07.052000+00:00,BTCUSDT,69600.3,0.078,buy,2104395639
2024-03-28T00:16:07.159000+00:00,BTCUSDT,69600.2,0.08,sell,2104395640
2024-03-28T00:16:07.244000+00:00,BTCUSDT,69600.3,0.021,buy,2104395641
2024-03-28T00:16:07.542000+00:00,BTCUSDT,69600.2,0.006,sell,2104395642
2024-03-28T00:16:07.905000+00:00,BTCUSDT,69600.2,0.014,sell,2104395643
2024-03-28T00:16:07.908000+00:00,BTCUSDT,69600.3,0.01,buy,2104395644
2024-03-28T00:16:08.101000+00:00,BTCUSDT,69600.3,0.01,buy,2104395645
2024-03-28T00:16:08.320000+00:00,BTCUSDT,69600.2,0.032,sell,2104395646
2024-03-28T00:16:08.374000+00:00,BTCUSDT,69600.3,1.038,buy,2104395647
2024-03-28T00:16:08.375000+00:00,BTCUSDT,69600.4,0.057,buy,2104395648
2024-03-28T00:16:08.375000+00:00,BTCUSDT,69600.8,0.004,buy,2104395649
2024-03-28T00:16:08.375000+00:00,BTCUSDT,69600.9,0.117,buy,2104395650
2024-03-28T00:16:08.375000+00:00,BTCUSDT,69601.0,0.01,buy,2104395651
2024-03-28T00:16:08.375000+00:00,BTCUSDT,69601.6,0.032,buy,2104395652
2024-03-28T00:16:08.375000+00:00,BTCUSDT,69601.7,0.004,buy,2104395653
2024-03-28T00:16:08.375000+00:00,BTCUSDT,69602.0,0.09,buy,2104395654
2024-03-28T00:16:08.375000+00:00,BTCUSDT,69603.0,0.01,buy,2104395655
2024-03-28T00:16:08.378000+00:00,BTCUSDT,69603.2,0.002,buy,2104395656
2024-03-28T00:16:08.378000+00:00,BTCUSDT,69603.5,0.016,buy,2104395657
2024-03-28T00:16:08.378000+00:00,BTCUSDT,69603.8,0.017,buy,2104395658
2024-03-28T00:16:08.378000+00:00,BTCUSDT,69604.0,0.014,buy,2104395659
2024-03-28T00:16:08.436000+00:00,BTCUSDT,69604.3,0.117,buy,2104395660
2024-03-28T00:16:08.482000+00:00,BTCUSDT,69604.5,0.002,buy,2104395661
2024-03-28T00:16:08.482000+00:00,BTCUSDT,69605.0,0.002,buy,2104395662
2024-03-28T00:16:08.482000+00:00,BTCUSDT,69605.1,0.121,buy,2104395663
2024-03-28T00:16:08.483000+00:00,BTCUSDT,69605.2,0.002,buy,2104395664
2024-03-28T00:16:08.483000+00:00,BTCUSDT,69605.5,0.004,buy,2104395665
2024-03-28T00:16:08.483000+00:00,BTCUSDT,69606.0,0.012,buy,2104395666
2024-03-28T00:16:08.483000+00:00,BTCUSDT,69606.6,0.002,buy,2104395667
2024-03-28T00:16:08.484000+00:00,BTCUSDT,69607.0,0.01,buy,2104395668
2024-03-28T00:16:08.506000+00:00,BTCUSDT,69607.1,0.402,buy,2104395669
2024-03-28T00:16:08.506000+00:00,BTCUSDT,69607.2,0.122,buy,2104395670
2024-03-28T00:16:08.506000+00:00,BTCUSDT,69607.9,0.002,buy,2104395671
2024-03-28T00:16:08.786000+00:00,BTCUSDT,69608.0,0.011,buy,2104395672
2024-03-28T00:16:08.847000+00:00,BTCUSDT,69607.9,0.02,sell,2104395673
2024-03-28T00:16:08.872000+00:00,BTCUSDT,69608.0,0.104,buy,2104395674
2024-03-28T00:16:09.059000+00:00,BTCUSDT,69607.9,0.055,sell,2104395675
2024-03-28T00:16:09.099000+00:00,BTCUSDT,69608.0,0.01,buy,2104395676
2024-03-28T00:16:09.150000+00:00,BTCUSDT,69607.9,0.003,sell,2104395677
2024-03-28T00:16:09.244000+00:00,BTCUSDT,69608.0,0.195,buy,2104395678
2024-03-28T00:16:09.409000+00:00,BTCUSDT,69607.9,0.325,sell,2104395679
2024-03-28T00:16:09.634000+00:00,BTCUSDT,69608.0,0.01,buy,2104395680
2024-03-28T00:16:09.887000+00:00,BTCUSDT,69608.0,0.01,buy,2104395681
2024-03-28T00:16:09.956000+00:00,BTCUSDT,69607.9,0.003,sell,2104395682
2024-03-28T00:16:10.075000+00:00,BTCUSDT,69607.9,0.101,sell,2104395683
2024-03-28T00:16:10.186000+00:00,BTCUSDT,69607.9,0.005,sell,2104395684
2024-03-28T00:16:10.496000+00:00,BTCUSDT,69608.0,0.01,buy,2104395685
2024-03-28T00:16:10.632000+00:00,BTCUSDT,69607.9,0.002,sell,2104395686
2024-03-28T00:16:10.661000+00:00,BTCUSDT,69608.0,0.63,buy,2104395687
2024-03-28T00:16:10.785000+00:00,BTCUSDT,69607.9,0.007,sell,2104395688
2024-03-28T00:16:10.873000+00:00,BTCUSDT,69608.0,0.057,buy,2104395689
2024-03-28T00:16:11.045000+00:00,BTCUSDT,69607.9,0.14,sell,2104395690
2024-03-28T00:16:11.347000+00:00,BTCUSDT,69608.0,0.135,buy,2104395691
2024-03-28T00:16:11.588000+00:00,BTCUSDT,69608.0,0.024,buy,2104395692
2024-03-28T00:16:11.590000+00:00,BTCUSDT,69608.2,0.007,buy,2104395693
2024-03-28T00:16:11.590000+00:00,BTCUSDT,69609.0,0.01,buy,2104395694
2024-03-28T00:16:11.590000+00:00,BTCUSDT,69609.2,0.002,buy,2104395695
2024-03-28T00:16:11.590000+00:00,BTCUSDT,69609.4,0.003,buy,2104395696
2024-03-28T00:16:11.622000+00:00,BTCUSDT,69609.5,0.123,buy,2104395697
2024-03-28T00:16:11.627000+00:00,BTCUSDT,69610.0,0.002,buy,2104395698
2024-03-28T00:16:11.627000+00:00,BTCUSDT,69610.9,0.006,buy,2104395699
2024-03-28T00:16:11.627000+00:00,BTCUSDT,69611.0,1.055,buy,2104395700
2024-03-28T00:16:11.632000+00:00,BTCUSDT,69611.1,0.004,buy,2104395701
2024-03-28T00:16:11.632000+00:00,BTCUSDT,69611.5,0.006,buy,2104395702
2024-03-28T00:16:11.633000+00:00,BTCUSDT,69611.6,0.027,buy,2104395703
2024-03-28T00:16:11.638000+00:00,BTCUSDT,69611.9,0.004,buy,2104395704
2024-03-28T00:16:11.638000+00:00,BTCUSDT,69612.0,0.012,buy,2104395705
2024-03-28T00:16:11.638000+00:00,BTCUSDT,69612.1,0.002,buy,2104395706
2024-03-28T00:16:11.638000+00:00,BTCUSDT,69612.3,0.002,buy,2104395707
2024-03-28T00:16:11.641000+00:00,BTCUSDT,69612.6,0.003,buy,2104395708
2024-03-28T00:16:11.641000+00:00,BTCUSDT,69612.9,0.002,buy,2104395709
2024-03-28T00:16:11.641000+00:00,BTCUSDT,69613.0,0.01,buy,2104395710
2024-03-28T00:16:11.641000+00:00,BTCUSDT,69613.6,0.004,buy,2104395711
2024-03-28T00:16:11.652000+00:00,BTCUSDT,69613.9,0.002,buy,2104395712
2024-03-28T00:16:11.652000+00:00,BTCUSDT,69614.0,0.006,buy,2104395713
2024-03-28T00:16:11.652000+00:00,BTCUSDT,69614.5,0.015,buy,2104395714
2024-03-28T00:16:11.652000+00:00,BTCUSDT,69615.0,0.071,buy,2104395715
2024-03-28T00:16:11.654000+00:00,BTCUSDT,69615.3,0.003,buy,2104395716
2024-03-28T00:16:11.654000+00:00,BTCUSDT,69615.8,0.002,buy,2104395717
2024-03-28T00:16:11.654000+00:00,BTCUSDT,69616.0,0.019,buy,2104395718
2024-03-28T00:16:11.654000+00:00,BTCUSDT,69616.9,0.009,buy,2104395719
2024-03-28T00:16:11.654000+00:00,BTCUSDT,69617.0,0.016,buy,2104395720
2024-03-28T00:16:11.654000+00:00,BTCUSDT,69617.1,0.002,buy,2104395721
2024-03-28T00:16:11.654000+00:00,BTCUSDT,69618.0,0.014,buy,2104395722
2024-03-28T00:16:11.654000+00:00,BTCUSDT,69618.4,0.044,buy,2104395723
2024-03-28T00:16:11.654000+00:00,BTCUSDT,69618.7,0.011,buy,2104395724
2024-03-28T00:16:11.654000+00:00,BTCUSDT,69619.0,0.002,buy,2104395725
2024-03-28T00:16:11.654000+00:00,BTCUSDT,69619.2,0.002,buy,2104395726
2024-03-28T00:16:11.654000+00:00,BTCUSDT,69619.3,0.047,buy,2104395727
2024-03-28T00:16:11.654000+00:00,BTCUSDT,69619.5,0.128,buy,2104395728
2024-03-28T00:16:11.667000+00:00,BTCUSDT,69619.7,0.003,buy,2104395729
2024-03-28T00:16:11.667000+00:00,BTCUSDT,69620.0,0.193,buy,2104395730
2024-03-28T00:16:11.692000+00:00,BTCUSDT,69620.8,0.002,buy,2104395731
2024-03-28T00:16:11.692000+00:00,BTCUSDT,69621.2,0.6,buy,2104395732
2024-03-28T00:16:11.699000+00:00,BTCUSDT,69621.3,0.007,buy,2104395733
2024-03-28T00:16:11.699000+00:00,BTCUSDT,69621.7,0.072,buy,2104395734
2024-03-28T00:16:11.699000+00:00,BTCUSDT,69621.8,0.038,buy,2104395735
2024-03-28T00:16:11.702000+00:00,BTCUSDT,69621.9,0.126,buy,2104395736
2024-03-28T00:16:11.702000+00:00,BTCUSDT,69622.0,0.002,buy,2104395737
2024-03-28T00:16:11.702000+00:00,BTCUSDT,69622.2,0.241,buy,2104395738
2024-03-28T00:16:11.702000+00:00,BTCUSDT,69622.3,0.004,buy,2104395739
2024-03-28T00:16:11.702000+00:00,BTCUSDT,69622.6,0.006,buy,2104395740
2024-03-28T00:16:11.702000+00:00,BTCUSDT,69622.7,0.032,buy,2104395741
2024-03-28T00:16:11.702000+00:00,BTCUSDT,69623.4,0.002,buy,2104395742
2024-03-28T00:16:11.702000+00:00,BTCUSDT,69624.0,0.012,buy,2104395743
2024-03-28T00:16:11.702000+00:00,BTCUSDT,69624.4,0.002,buy,2104395744
2024-03-28T00:16:11.702000+00:00,BTCUSDT,69624.7,0.332,buy,2104395745
2024-03-28T00:16:11.702000+00:00,BTCUSDT,69624.9,0.002,buy,2104395746
2024-03-28T00:16:11.702000+00:00,BTCUSDT,69625.0,2.152,buy,2104395747
2024-03-28T00:16:11.702000+00:00,BTCUSDT,69625.5,0.01,buy,2104395748
2024-03-28T00:16:11.702000+00:00,BTCUSDT,69626.0,0.93,buy,2104395749
2024-03-28T00:16:11.702000+00:00,BTCUSDT,69626.2,0.021,buy,2104395750
2024-03-28T00:16:11.702000+00:00,BTCUSDT,69626.3,0.147,buy,2104395751
2024-03-28T00:16:11.702000+00:00,BTCUSDT,69626.7,0.627,buy,2104395752
2024-03-28T00:16:11.702000+00:00,BTCUSDT,69626.8,0.029,buy,2104395753
2024-03-28T00:16:11.702000+00:00,BTCUSDT,69626.9,0.047,buy,2104395754
2024-03-28T00:16:11.702000+00:00,BTCUSDT,69627.0,0.344,buy,2104395755
2024-03-28T00:16:11.702000+00:00,BTCUSDT,69627.1,0.115,buy,2104395756
2024-03-28T00:16:11.702000+00:00,BTCUSDT,69627.2,0.619,buy,2104395757
2024-03-28T00:16:11.702000+00:00,BTCUSDT,69627.4,0.002,buy,2104395758
2024-03-28T00:16:11.702000+00:00,BTCUSDT,69627.6,0.202,buy,2104395759
2024-03-28T00:16:11.702000+00:00,BTCUSDT,69628.0,0.004,buy,2104395760
2024-03-28T00:16:11.702000+00:00,BTCUSDT,69628.1,0.007,buy,2104395761
2024-03-28T00:16:11.702000+00:00,BTCUSDT,69628.2,0.02,buy,2104395762
2024-03-28T00:16:11.702000+00:00,BTCUSDT,69628.4,0.16,buy,2104395763
2024-03-28T00:16:11.702000+00:00,BTCUSDT,69628.5,0.026,buy,2104395764
2024-03-28T00:16:11.702000+00:00,BTCUSDT,69628.6,0.034,buy,2104395765
2024-03-28T00:16:11.703000+00:00,BTCUSDT,69628.9,0.008,buy,2104395766
2024-03-28T00:16:11.703000+00:00,BTCUSDT,69629.0,0.005,buy,2104395767
2024-03-28T00:16:11.703000+00:00,BTCUSDT,69629.3,0.172,buy,2104395768
2024-03-28T00:16:11.703000+00:00,BTCUSDT,69629.7,0.024,buy,2104395769
2024-03-28T00:16:11.703000+00:00,BTCUSDT,69629.8,0.002,buy,2104395770
2024-03-28T00:16:11.703000+00:00,BTCUSDT,69629.9,0.003,buy,2104395771
2024-03-28T00:16:11.703000+00:00,BTCUSDT,69630.0,0.193,buy,2104395772
2024-03-28T00:16:11.703000+00:00,BTCUSDT,69630.1,0.046,buy,2104395773
2024-03-28T00:16:11.703000+00:00,BTCUSDT,69630.2,0.334,buy,2104395774
2024-03-28T00:16:11.703000+00:00,BTCUSDT,69630.4,0.577,buy,2104395775
2024-03-28T00:16:11.703000+00:00,BTCUSDT,69630.5,0.002,buy,2104395776
2024-03-28T00:16:11.703000+00:00,BTCUSDT,69630.6,0.808,buy,2104395777
2024-03-28T00:16:11.703000+00:00,BTCUSDT,69630.7,0.224,buy,2104395778
2024-03-28T00:16:11.703000+00:00,BTCUSDT,69630.8,0.119,buy,2104395779
2024-03-28T00:16:11.703000+00:00,BTCUSDT,69630.9,0.736,buy,2104395780
2024-03-28T00:16:11.703000+00:00,BTCUSDT,69631.0,0.002,buy,2104395781
2024-03-28T00:16:11.703000+00:00,BTCUSDT,69631.1,0.076,buy,2104395782
2024-03-28T00:16:11.720000+00:00,BTCUSDT,69630.7,0.02,buy,2104395783
2024-03-28T00:16:11.775000+00:00,BTCUSDT,69630.1,0.002,buy,2104395784
2024-03-28T00:16:11.775000+00:00,BTCUSDT,69630.2,0.187,buy,2104395785
2024-03-28T00:16:11.800000+00:00,BTCUSDT,69630.3,0.087,buy,2104395786
2024-03-28T00:16:11.940000+00:00,BTCUSDT,69630.7,0.01,sell,2104395787
2024-03-28T00:16:11.940000+00:00,BTCUSDT,69630.8,0.002,buy,2104395788
2024-03-28T00:16:11.940000+00:00,BTCUSDT,69630.7,0.223,sell,2104395789
2024-03-28T00:16:12.010000+00:00,BTCUSDT,69631.1,0.061,buy,2104395790
2024-03-28T00:16:12.010000+00:00,BTCUSDT,69631.2,0.171,buy,2104395791
2024-03-28T00:16:12.010000+00:00,BTCUSDT,69631.3,0.004,buy,2104395792
2024-03-28T00:16:12.010000+00:00,BTCUSDT,69631.5,0.029,buy,2104395793
2024-03-28T00:16:12.010000+00:00,BTCUSDT,69631.6,0.075,buy,2104395794
2024-03-28T00:16:12.010000+00:00,BTCUSDT,69632.0,0.044,buy,2104395795
2024-03-28T00:16:12.010000+00:00,BTCUSDT,69632.2,0.006,buy,2104395796
2024-03-28T00:16:12.010000+00:00,BTCUSDT,69632.6,0.002,buy,2104395797
2024-03-28T00:16:12.010000+00:00,BTCUSDT,69633.0,0.12,buy,2104395798
2024-03-28T00:16:12.010000+00:00,BTCUSDT,69633.2,0.125,buy,2104395799
2024-03-28T00:16:12.047000+00:00,BTCUSDT,69633.4,0.002,buy,2104395800
2024-03-28T00:16:12.053000+00:00,BTCUSDT,69633.6,0.002,buy,2104395801
2024-03-28T00:16:12.053000+00:00,BTCUSDT,69633.8,0.34,buy,2104395802
2024-03-28T00:16:12.060000+00:00,BTCUSDT,69633.9,0.015,buy,2104395803
2024-03-28T00:16:12.060000+00:00,BTCUSDT,69634.0,0.012,buy,2104395804
2024-03-28T00:16:12.060000+00:00,BTCUSDT,69634.3,0.003,buy,2104395805
2024-03-28T00:16:12.060000+00:00,BTCUSDT,69634.4,0.145,buy,2104395806
2024-03-28T00:16:12.060000+00:00,BTCUSDT,69634.5,0.268,buy,2104395807
2024-03-28T00:16:12.060000+00:00,BTCUSDT,69634.6,0.623,buy,2104395808
2024-03-28T00:16:12.060000+00:00,BTCUSDT,69634.7,0.007,buy,2104395809
2024-03-28T00:16:12.060000+00:00,BTCUSDT,69634.8,0.004,buy,2104395810
2024-03-28T00:16:12.060000+00:00,BTCUSDT,69635.0,0.026,buy,2104395811
2024-03-28T00:16:12.064000+00:00,BTCUSDT,69635.1,0.002,buy,2104395812
2024-03-28T00:16:12.064000+00:00,BTCUSDT,69635.3,0.015,buy,2104395813
2024-03-28T00:16:12.065000+00:00,BTCUSDT,69635.4,0.002,buy,2104395814
2024-03-28T00:16:12.065000+00:00,BTCUSDT,69635.5,0.335,buy,2104395815
2024-03-28T00:16:12.065000+00:00,BTCUSDT,69635.7,0.003,buy,2104395816
2024-03-28T00:16:12.065000+00:00,BTCUSDT,69635.8,0.002,buy,2104395817
2024-03-28T00:16:12.065000+00:00,BTCUSDT,69636.0,0.016,buy,2104395818
2024-03-28T00:16:12.065000+00:00,BTCUSDT,69636.2,0.652,buy,2104395819
2024-03-28T00:16:12.065000+00:00,BTCUSDT,69636.3,0.083,buy,2104395820
2024-03-28T00:16:12.065000+00:00,BTCUSDT,69636.4,0.21,buy,2104395821
2024-03-28T00:16:12.065000+00:00,BTCUSDT,69636.6,2.655,buy,2104395822
2024-03-28T00:16:12.079000+00:00,BTCUSDT,69636.8,0.004,buy,2104395823
2024-03-28T00:16:12.079000+00:00,BTCUSDT,69636.9,0.002,buy,2104395824
2024-03-28T00:16:12.079000+00:00,BTCUSDT,69637.0,0.065,buy,2104395825
2024-03-28T00:16:12.079000+00:00,BTCUSDT,69637.1,0.002,buy,2104395826
2024-03-28T00:16:12.119000+00:00,BTCUSDT,69637.2,0.019,buy,2104395827
2024-03-28T00:16:12.119000+00:00,BTCUSDT,69637.5,0.027,buy,2104395828
2024-03-28T00:16:12.119000+00:00,BTCUSDT,69637.8,0.003,buy,2104395829
2024-03-28T00:16:12.119000+00:00,BTCUSDT,69638.0,0.404,buy,2104395830
2024-03-28T00:16:12.119000+00:00,BTCUSDT,69638.1,0.007,buy,2104395831
2024-03-28T00:16:12.119000+00:00,BTCUSDT,69638.2,0.164,buy,2104395832
2024-03-28T00:16:12.119000+00:00,BTCUSDT,69638.3,0.623,buy,2104395833
2024-03-28T00:16:12.119000+00:00,BTCUSDT,69638.4,2.098,buy,2104395834
2024-03-28T00:16:12.160000+00:00,BTCUSDT,69638.6,0.03,buy,2104395835
2024-03-28T00:16:12.169000+00:00,BTCUSDT,69638.5,0.02,sell,2104395836
2024-03-28T00:16:12.236000+00:00,BTCUSDT,69638.6,0.183,buy,2104395837
2024-03-28T00:16:12.236000+00:00,BTCUSDT,69638.8,0.267,buy,2104395838
2024-03-28T00:16:12.310000+00:00,BTCUSDT,69638.9,0.008,buy,2104395839
2024-03-28T00:16:12.310000+00:00,BTCUSDT,69639.0,0.021,buy,2104395840
2024-03-28T00:16:12.315000+00:00,BTCUSDT,69639.4,0.077,buy,2104395841
2024-03-28T00:16:12.315000+00:00,BTCUSDT,69639.5,0.002,buy,2104395842
2024-03-28T00:16:12.315000+00:00,BTCUSDT,69639.8,0.057,buy,2104395843
2024-03-28T00:16:12.325000+00:00,BTCUSDT,69640.0,0.014,buy,2104395844
2024-03-28T00:16:12.325000+00:00,BTCUSDT,69639.9,0.5,sell,2104395845
2024-03-28T00:16:12.370000+00:00,BTCUSDT,69640.0,0.014,buy,2104395846
2024-03-28T00:16:12.370000+00:00,BTCUSDT,69640.1,0.004,buy,2104395847
2024-03-28T00:16:12.414000+00:00,BTCUSDT,69640.6,0.004,buy,2104395848
2024-03-28T00:16:12.414000+00:00,BTCUSDT,69640.7,0.003,buy,2104395849
2024-03-28T00:16:12.414000+00:00,BTCUSDT,69640.9,0.004,buy,2104395850
2024-03-28T00:16:12.414000+00:00,BTCUSDT,69641.0,0.015,buy,2104395851
2024-03-28T00:16:12.414000+00:00,BTCUSDT,69641.2,0.002,buy,2104395852
2024-03-28T00:16:12.454000+00:00,BTCUSDT,69641.1,0.003,sell,2104395853
2024-03-28T00:16:12.490000+00:00,BTCUSDT,69641.2,0.253,buy,2104395854
2024-03-28T00:16:12.523000+00:00,BTCUSDT,69641.4,0.064,buy,2104395855
2024-03-28T00:16:12.523000+00:00,BTCUSDT,69641.5,0.003,buy,2104395856
2024-03-28T00:16:12.523000+00:00,BTCUSDT,69641.9,0.115,buy,2104395857
2024-03-28T00:16:12.523000+00:00,BTCUSDT,69642.0,0.631,buy,2104395858
2024-03-28T00:16:12.523000+00:00,BTCUSDT,69642.2,0.012,buy,2104395859
2024-03-28T00:16:12.523000+00:00,BTCUSDT,69642.3,0.002,buy,2104395860
2024-03-28T00:16:12.523000+00:00,BTCUSDT,69642.7,0.15,buy,2104395861
2024-03-28T00:16:12.523000+00:00,BTCUSDT,69642.8,0.006,buy,2104395862
2024-03-28T00:16:12.523000+00:00,BTCUSDT,69643.0,0.02,buy,2104395863
2024-03-28T00:16:12.523000+00:00,BTCUSDT,69643.2,0.002,buy,2104395864
2024-03-28T00:16:12.523000+00:00,BTCUSDT,69643.4,0.002,buy,2104395865
2024-03-28T00:16:12.523000+00:00,BTCUSDT,69643.5,0.02,buy,2104395866
2024-03-28T00:16:12.523000+00:00,BTCUSDT,69643.8,0.017,buy,2104395867
2024-03-28T00:16:12.523000+00:00,BTCUSDT,69644.0,0.021,buy,2104395868
2024-03-28T00:16:12.523000+00:00,BTCUSDT,69644.2,0.002,buy,2104395869
2024-03-28T00:16:12.523000+00:00,BTCUSDT,69644.3,0.003,buy,2104395870
2024-03-28T00:16:12.523000+00:00,BTCUSDT,69644.4,0.004,buy,2104395871
2024-03-28T00:16:12.523000+00:00,BTCUSDT,69644.5,0.005,buy,2104395872
2024-03-28T00:16:12.523000+00:00,BTCUSDT,69644.9,0.134,buy,2104395873
2024-03-28T00:16:12.630000+00:00,BTCUSDT,69645.0,0.01,buy,2104395874
2024-03-28T00:16:12.800000+00:00,BTCUSDT,69645.0,0.302,buy,2104395875
2024-03-28T00:16:12.812000+00:00,BTCUSDT,69645.2,0.13,buy,2104395876
2024-03-28T00:16:12.812000+00:00,BTCUSDT,69645.6,0.128,buy,2104395877
2024-03-28T00:16:12.818000+00:00,BTCUSDT,69645.7,0.581,buy,2104395878
2024-03-28T00:16:12.824000+00:00,BTCUSDT,69646.0,0.016,buy,2104395879
2024-03-28T00:16:12.824000+00:00,BTCUSDT,69646.4,0.002,buy,2104395880
2024-03-28T00:16:12.824000+00:00,BTCUSDT,69646.5,0.016,buy,2104395881
2024-03-28T00:16:12.824000+00:00,BTCUSDT,69646.6,0.006,buy,2104395882
2024-03-28T00:16:12.825000+00:00,BTCUSDT,69646.7,0.003,buy,2104395883
2024-03-28T00:16:12.825000+00:00,BTCUSDT,69646.8,3.205,buy,2104395884
2024-03-28T00:16:12.844000+00:00,BTCUSDT,69646.9,0.002,buy,2104395885
2024-03-28T00:16:12.844000+00:00,BTCUSDT,69647.0,0.014,buy,2104395886
2024-03-28T00:16:12.868000+00:00,BTCUSDT,69647.5,0.003,buy,2104395887
2024-03-28T00:16:12.868000+00:00,BTCUSDT,69647.8,0.004,buy,2104395888
2024-03-28T00:16:12.868000+00:00,BTCUSDT,69648.0,0.086,buy,2104395889
2024-03-28T00:16:12.868000+00:00,BTCUSDT,69648.1,0.004,buy,2104395890
2024-03-28T00:16:12.892000+00:00,BTCUSDT,69648.3,0.002,buy,2104395891
2024-03-28T00:16:12.892000+00:00,BTCUSDT,69648.5,0.002,buy,2104395892
2024-03-28T00:16:12.892000+00:00,BTCUSDT,69648.6,0.026,buy,2104395893
2024-03-28T00:16:12.892000+00:00,BTCUSDT,69648.7,0.002,buy,2104395894
2024-03-28T00:16:12.892000+00:00,BTCUSDT,69648.8,0.005,buy,2104395895
2024-03-28T00:16:12.892000+00:00,BTCUSDT,69649.0,0.453,buy,2104395896
2024-03-28T00:16:12.895000+00:00,BTCUSDT,69649.1,0.002,buy,2104395897
2024-03-28T00:16:12.895000+00:00,BTCUSDT,69649.3,0.105,buy,2104395898
2024-03-28T00:16:12.895000+00:00,BTCUSDT,69649.5,0.021,buy,2104395899
2024-03-28T00:16:12.895000+00:00,BTCUSDT,69649.7,0.01,buy,2104395900
2024-03-28T00:16:12.895000+00:00,BTCUSDT,69649.9,0.089,buy,2104395901
2024-03-28T00:16:12.895000+00:00,BTCUSDT,69650.0,0.054,buy,2104395902
2024-03-28T00:16:12.895000+00:00,BTCUSDT,69649.2,0.88,sell,2104395903
2024-03-28T00:16:12.895000+00:00,BTCUSDT,69650.0,0.2,buy,2104395904
2024-03-28T00:16:12.895000+00:00,BTCUSDT,69649.8,0.718,sell,2104395905
2024-03-28T00:16:12.946000+00:00,BTCUSDT,69650.0,0.229,buy,2104395906
2024-03-28T00:16:12.970000+00:00,BTCUSDT,69649.9,0.15,sell,2104395907
2024-03-28T00:16:13.104000+00:00,BTCUSDT,69649.9,0.007,sell,2104395908
2024-03-28T00:16:13.153000+00:00,BTCUSDT,69650.0,0.01,buy,2104395909
2024-03-28T00:16:13.172000+00:00,BTCUSDT,69649.9,0.075,sell,2104395910
2024-03-28T00:16:13.386000+00:00,BTCUSDT,69650.0,0.528,buy,2104395911
2024-03-28T00:16:13.680000+00:00,BTCUSDT,69650.0,0.128,buy,2104395912
2024-03-28T00:16:13.824000+00:00,BTCUSDT,69650.0,0.01,buy,2104395913
2024-03-28T00:16:13.894000+00:00,BTCUSDT,69649.9,0.911,sell,2104395914
2024-03-28T00:16:13.895000+00:00,BTCUSDT,69649.8,0.269,sell,2104395915
2024-03-28T00:16:13.897000+00:00,BTCUSDT,69648.4,0.002,sell,2104395916
2024-03-28T00:16:13.897000+00:00,BTCUSDT,69648.0,0.002,sell,2104395917
2024-03-28T00:16:13.900000+00:00,BTCUSDT,69646.9,0.031,sell,2104395918
2024-03-28T00:16:13.900000+00:00,BTCUSDT,69646.3,0.002,sell,2104395919
2024-03-28T00:16:13.920000+00:00,BTCUSDT,69645.9,0.003,sell,2104395920
2024-03-28T00:16:13.920000+00:00,BTCUSDT,69645.6,0.001,sell,2104395921
2024-03-28T00:16:14.124000+00:00,BTCUSDT,69645.5,0.001,sell,2104395922
2024-03-28T00:16:14.170000+00:00,BTCUSDT,69645.6,0.017,buy,2104395923
2024-03-28T00:16:14.180000+00:00,BTCUSDT,69645.5,0.324,sell,2104395924
2024-03-28T00:16:14.191000+00:00,BTCUSDT,69644.8,0.025,sell,2104395925
2024-03-28T00:16:14.191000+00:00,BTCUSDT,69644.3,0.057,sell,2104395926
2024-03-28T00:16:14.193000+00:00,BTCUSDT,69644.0,0.002,sell,2104395927
2024-03-28T00:16:14.193000+00:00,BTCUSDT,69642.8,0.002,sell,2104395928
2024-03-28T00:16:14.204000+00:00,BTCUSDT,69642.0,0.057,sell,2104395929
2024-03-28T00:16:14.204000+00:00,BTCUSDT,69641.7,0.002,sell,2104395930
2024-03-28T00:16:14.204000+00:00,BTCUSDT,69641.1,0.002,sell,2104395931
2024-03-28T00:16:14.204000+00:00,BTCUSDT,69641.0,0.002,sell,2104395932
2024-03-28T00:16:14.204000+00:00,BTCUSDT,69640.4,0.006,sell,2104395933
2024-03-28T00:16:14.380000+00:00,BTCUSDT,69640.3,0.025,buy,2104395934
2024-03-28T00:16:14.440000+00:00,BTCUSDT,69640.2,0.011,sell,2104395935
2024-03-28T00:16:14.440000+00:00,BTCUSDT,69638.7,0.002,sell,2104395936
2024-03-28T00:16:14.440000+00:00,BTCUSDT,69638.5,0.086,sell,2104395937
2024-03-28T00:16:14.440000+00:00,BTCUSDT,69638.4,0.002,sell,2104395938
2024-03-28T00:16:14.440000+00:00,BTCUSDT,69638.1,0.002,sell,2104395939
2024-03-28T00:16:14.440000+00:00,BTCUSDT,69638.0,0.002,sell,2104395940
2024-03-28T00:16:14.440000+00:00,BTCUSDT,69637.9,0.003,sell,2104395941
2024-03-28T00:16:14.440000+00:00,BTCUSDT,69637.7,0.086,sell,2104395942
2024-03-28T00:16:14.440000+00:00,BTCUSDT,69637.3,0.002,sell,2104395943
2024-03-28T00:16:14.440000+00:00,BTCUSDT,69637.1,0.003,sell,2104395944
2024-03-28T00:16:14.440000+00:00,BTCUSDT,69636.8,0.006,sell,2104395945
2024-03-28T00:16:14.467000+00:00,BTCUSDT,69636.9,0.002,buy,2104395946
2024-03-28T00:16:14.487000+00:00,BTCUSDT,69636.8,0.055,sell,2104395947
2024-03-28T00:16:14.487000+00:00,BTCUSDT,69636.7,0.074,sell,2104395948
2024-03-28T00:16:14.487000+00:00,BTCUSDT,69636.6,0.002,sell,2104395949
2024-03-28T00:16:14.536000+00:00,BTCUSDT,69636.7,0.01,buy,2104395950
2024-03-28T00:16:14.604000+00:00,BTCUSDT,69636.6,0.055,sell,2104395951
2024-03-28T00:16:14.643000+00:00,BTCUSDT,69635.6,0.002,sell,2104395952
2024-03-28T00:16:14.643000+00:00,BTCUSDT,69635.5,0.005,sell,2104395953
2024-03-28T00:16:14.645000+00:00,BTCUSDT,69635.4,0.006,sell,2104395954
2024-03-28T00:16:14.645000+00:00,BTCUSDT,69634.7,0.002,sell,2104395955
2024-03-28T00:16:14.649000+00:00,BTCUSDT,69634.2,0.068,sell,2104395956
2024-03-28T00:16:14.653000+00:00,BTCUSDT,69634.3,0.01,buy,2104395957
2024-03-28T00:16:14.656000+00:00,BTCUSDT,69634.2,0.004,sell,2104395958
2024-03-28T00:16:14.656000+00:00,BTCUSDT,69634.0,0.002,sell,2104395959
2024-03-28T00:16:14.656000+00:00,BTCUSDT,69633.9,0.002,sell,2104395960
2024-03-28T00:16:14.656000+00:00,BTCUSDT,69632.9,0.002,sell,2104395961
2024-03-28T00:16:14.656000+00:00,BTCUSDT,69632.0,0.002,sell,2104395962
2024-03-28T00:16:14.828000+00:00,BTCUSDT,69631.9,0.075,buy,2104395963
2024-03-28T00:16:14.965000+00:00,BTCUSDT,69631.9,0.01,buy,2104395964
2024-03-28T00:16:15.070000+00:00,BTCUSDT,69631.9,0.03,buy,2104395965
2024-03-28T00:16:15.119000+00:00,BTCUSDT,69631.8,0.035,sell,2104395966
2024-03-28T00:16:15.231000+00:00,BTCUSDT,69631.9,0.018,buy,2104395967
2024-03-28T00:16:15.236000+00:00,BTCUSDT,69631.8,0.013,sell,2104395968
2024-03-28T00:16:15.239000+00:00,BTCUSDT,69631.2,0.039,buy,2104395969
2024-03-28T00:16:15.239000+00:00,BTCUSDT,69631.1,0.002,sell,2104395970
2024-03-28T00:16:15.263000+00:00,BTCUSDT,69631.1,0.011,buy,2104395971
2024-03-28T00:16:15.265000+00:00,BTCUSDT,69631.0,0.002,sell,2104395972
2024-03-28T00:16:15.310000+00:00,BTCUSDT,69630.5,0.055,sell,2104395973
2024-03-28T00:16:15.316000+00:00,BTCUSDT,69630.0,0.029,sell,2104395974
2024-03-28T00:16:15.490000+00:00,BTCUSDT,69628.1,0.012,buy,2104395975
2024-03-28T00:16:15.638000+00:00,BTCUSDT,69628.0,0.009,sell,2104395976
2024-03-28T00:16:15.698000+00:00,BTCUSDT,69627.7,0.081,buy,2104395977
2024-03-28T00:16:15.724000+00:00,BTCUSDT,69627.6,0.125,sell,2104395978
2024-03-28T00:16:15.724000+00:00,BTCUSDT,69627.5,0.431,sell,2104395979
2024-03-28T00:16:15.724000+00:00,BTCUSDT,69627.2,0.42,sell,2104395980
2024-03-28T00:16:15.728000+00:00,BTCUSDT,69626.8,0.004,sell,2104395981
2024-03-28T00:16:15.779000+00:00,BTCUSDT,69626.5,0.4,sell,2104395982
2024-03-28T00:16:15.779000+00:00,BTCUSDT,69626.1,0.002,sell,2104395983
2024-03-28T00:16:15.779000+00:00,BTCUSDT,69626.0,0.002,sell,2104395984
2024-03-28T00:16:15.779000+00:00,BTCUSDT,69625.9,0.086,sell,2104395985
2024-03-28T00:16:15.779000+00:00,BTCUSDT,69625.8,0.037,sell,2104395986
2024-03-28T00:16:15.779000+00:00,BTCUSDT,69625.5,0.004,sell,2104395987
2024-03-28T00:16:15.779000+00:00,BTCUSDT,69625.1,0.002,sell,2104395988
2024-03-28T00:16:15.779000+00:00,BTCUSDT,69625.0,0.002,sell,2104395989
2024-03-28T00:16:15.779000+00:00,BTCUSDT,69624.9,0.002,sell,2104395990
2024-03-28T00:16:15.779000+00:00,BTCUSDT,69624.6,0.002,sell,2104395991
2024-03-28T00:16:15.779000+00:00,BTCUSDT,69624.5,0.086,sell,2104395992
2024-03-28T00:16:15.779000+00:00,BTCUSDT,69624.0,0.002,sell,2104395993
2024-03-28T00:16:15.779000+00:00,BTCUSDT,69623.9,0.078,sell,2104395994
2024-03-28T00:16:15.779000+00:00,BTCUSDT,69623.8,0.086,sell,2104395995
2024-03-28T00:16:15.779000+00:00,BTCUSDT,69623.7,0.072,sell,2104395996
2024-03-28T00:16:15.779000+00:00,BTCUSDT,69623.4,0.002,sell,2104395997
2024-03-28T00:16:15.779000+00:00,BTCUSDT,69623.3,0.003,sell,2104395998
2024-03-28T00:16:15.779000+00:00,BTCUSDT,69623.2,0.012,sell,2104395999
2024-03-28T00:16:15.779000+00:00,BTCUSDT,69622.6,0.002,sell,2104396000
2024-03-28T00:16:15.779000+00:00,BTCUSDT,69622.4,0.042,sell,2104396001
2024-03-28T00:16:15.779000+00:00,BTCUSDT,69622.1,0.002,sell,2104396002
2024-03-28T00:16:15.779000+00:00,BTCUSDT,69622.0,0.002,sell,2104396003
2024-03-28T00:16:15.779000+00:00,BTCUSDT,69621.9,0.072,sell,2104396004
2024-03-28T00:16:15.779000+00:00,BTCUSDT,69621.6,0.033,sell,2104396005
2024-03-28T00:16:15.779000+00:00,BTCUSDT,69621.5,0.123,sell,2104396006
2024-03-28T00:16:15.834000+00:00,BTCUSDT,69620.7,0.011,buy,2104396007
2024-03-28T00:16:15.834000+00:00,BTCUSDT,69620.6,0.008,sell,2104396008
2024-03-28T00:16:16.052000+00:00,BTCUSDT,69620.6,0.06,buy,2104396009
2024-03-28T00:16:16.279000+00:00,BTCUSDT,69620.6,0.013,buy,2104396010
2024-03-28T00:16:16.414000+00:00,BTCUSDT,69620.6,0.012,buy,2104396011
2024-03-28T00:16:16.459000+00:00,BTCUSDT,69620.5,0.002,sell,2104396012
2024-03-28T00:16:16.749000+00:00,BTCUSDT,69620.5,0.002,sell,2104396013
2024-03-28T00:16:16.794000+00:00,BTCUSDT,69620.6,0.012,buy,2104396014
2024-03-28T00:16:16.812000+00:00,BTCUSDT,69620.5,0.024,sell,2104396015
2024-03-28T00:16:17.031000+00:00,BTCUSDT,69620.6,0.288,buy,2104396016
2024-03-28T00:16:17.103000+00:00,BTCUSDT,69620.5,0.014,sell,2104396017
2024-03-28T00:16:17.216000+00:00,BTCUSDT,69620.6,0.015,buy,2104396018
2024-03-28T00:16:17.298000+00:00,BTCUSDT,69620.5,0.074,sell,2104396019
2024-03-28T00:16:17.298000+00:00,BTCUSDT,69620.3,0.004,sell,2104396020
2024-03-28T00:16:17.298000+00:00,BTCUSDT,69620.0,0.013,sell,2104396021
2024-03-28T00:16:17.330000+00:00,BTCUSDT,69619.3,0.01,buy,2104396022
2024-03-28T00:16:17.389000+00:00,BTCUSDT,69619.2,0.029,sell,2104396023
2024-03-28T00:16:17.560000+00:00,BTCUSDT,69619.3,0.011,buy,2104396024
2024-03-28T00:16:17.799000+00:00,BTCUSDT,69619.3,0.039,buy,2104396025
2024-03-28T00:16:18.033000+00:00,BTCUSDT,69619.3,0.01,buy,2104396026
2024-03-28T00:16:18.281000+00:00,BTCUSDT,69619.2,0.376,sell,2104396027
2024-03-28T00:16:18.281000+00:00,BTCUSDT,69619.1,0.119,sell,2104396028
2024-03-28T00:16:18.358000+00:00,BTCUSDT,69618.7,0.014,sell,2104396029
2024-03-28T00:16:18.472000+00:00,BTCUSDT,69618.8,0.027,buy,2104396030
2024-03-28T00:16:18.790000+00:00,BTCUSDT,69618.8,0.011,buy,2104396031
2024-03-28T00:16:18.923000+00:00,BTCUSDT,69618.7,0.04,sell,2104396032
2024-03-28T00:16:18.924000+00:00,BTCUSDT,69618.6,0.29,sell,2104396033
2024-03-28T00:16:18.927000+00:00,BTCUSDT,69618.4,0.039,sell,2104396034
2024-03-28T00:16:18.927000+00:00,BTCUSDT,69618.0,0.002,sell,2104396035
2024-03-28T00:16:18.951000+00:00,BTCUSDT,69616.4,0.028,sell,2104396036
2024-03-28T00:16:18.954000+00:00,BTCUSDT,69616.2,0.086,sell,2104396037
2024-03-28T00:16:18.954000+00:00,BTCUSDT,69616.1,0.03,sell,2104396038
2024-03-28T00:16:18.954000+00:00,BTCUSDT,69615.9,0.002,sell,2104396039
2024-03-28T00:16:19.003000+00:00,BTCUSDT,69615.6,0.086,sell,2104396040
2024-03-28T00:16:19.007000+00:00,BTCUSDT,69615.3,0.002,sell,2104396041
2024-03-28T00:16:19.007000+00:00,BTCUSDT,69615.1,0.086,sell,2104396042
2024-03-28T00:16:19.022000+00:00,BTCUSDT,69615.0,0.018,sell,2104396043
2024-03-28T00:16:19.022000+00:00,BTCUSDT,69614.8,0.002,sell,2104396044
2024-03-28T00:16:19.022000+00:00,BTCUSDT,69614.7,0.086,sell,2104396045
2024-03-28T00:16:19.022000+00:00,BTCUSDT,69614.6,0.002,sell,2104396046
2024-03-28T00:16:19.032000+00:00,BTCUSDT,69614.5,0.002,sell,2104396047
2024-03-28T00:16:19.032000+00:00,BTCUSDT,69614.2,0.002,sell,2104396048
2024-03-28T00:16:19.032000+00:00,BTCUSDT,69614.0,0.006,sell,2104396049
2024-03-28T00:16:19.033000+00:00,BTCUSDT,69613.7,0.01,buy,2104396050
2024-03-28T00:16:19.067000+00:00,BTCUSDT,69613.6,0.154,buy,2104396051
2024-03-28T00:16:19.103000+00:00,BTCUSDT,69613.5,0.062,sell,2104396052
2024-03-28T00:16:19.103000+00:00,BTCUSDT,69613.1,0.255,sell,2104396053
2024-03-28T00:16:19.104000+00:00,BTCUSDT,69613.0,0.124,sell,2104396054
2024-03-28T00:16:19.104000+00:00,BTCUSDT,69612.9,0.002,sell,2104396055
2024-03-28T00:16:19.105000+00:00,BTCUSDT,69612.6,0.002,sell,2104396056
2024-03-28T00:16:19.105000+00:00,BTCUSDT,69612.3,0.25,sell,2104396057
2024-03-28T00:16:19.106000+00:00,BTCUSDT,69612.2,0.002,sell,2104396058
2024-03-28T00:16:19.106000+00:00,BTCUSDT,69612.0,0.002,sell,2104396059
2024-03-28T00:16:19.106000+00:00,BTCUSDT,69611.8,0.002,sell,2104396060
2024-03-28T00:16:19.113000+00:00,BTCUSDT,69610.9,0.002,sell,2104396061
2024-03-28T00:16:19.113000+00:00,BTCUSDT,69610.8,0.004,sell,2104396062
2024-03-28T00:16:19.128000+00:00,BTCUSDT,69610.4,0.002,sell,2104396063
2024-03-28T00:16:19.128000+00:00,BTCUSDT,69610.3,0.002,sell,2104396064
2024-03-28T00:16:19.171000+00:00,BTCUSDT,69610.1,0.009,buy,2104396065
2024-03-28T00:16:19.179000+00:00,BTCUSDT,69610.0,0.003,sell,2104396066
2024-03-28T00:16:19.256000+00:00,BTCUSDT,69610.1,0.096,buy,2104396067
2024-03-28T00:16:19.458000+00:00,BTCUSDT,69610.1,0.011,buy,2104396068
2024-03-28T00:16:19.567000+00:00,BTCUSDT,69610.0,0.02,sell,2104396069
2024-03-28T00:16:19.570000+00:00,BTCUSDT,69610.1,0.01,buy,2104396070
2024-03-28T00:16:19.600000+00:00,BTCUSDT,69610.0,0.05,sell,2104396071
2024-03-28T00:16:19.649000+00:00,BTCUSDT,69610.1,0.005,buy,2104396072
2024-03-28T00:16:19.816000+00:00,BTCUSDT,69610.0,0.085,sell,2104396073
2024-03-28T00:16:19.818000+00:00,BTCUSDT,69610.1,0.044,buy,2104396074
2024-03-28T00:16:19.885000+00:00,BTCUSDT,69610.0,0.002,sell,2104396075
2024-03-28T00:16:19.885000+00:00,BTCUSDT,69609.9,0.002,sell,2104396076
2024-03-28T00:16:19.885000+00:00,BTCUSDT,69608.7,0.002,sell,2104396077
2024-03-28T00:16:19.894000+00:00,BTCUSDT,69608.0,0.012,sell,2104396078
2024-03-28T00:16:19.935000+00:00,BTCUSDT,69608.0,0.01,buy,2104396079
2024-03-28T00:16:19.975000+00:00,BTCUSDT,69607.9,0.076,sell,2104396080
2024-03-28T00:16:20.053000+00:00,BTCUSDT,69607.5,0.029,buy,2104396081
2024-03-28T00:16:20.458000+00:00,BTCUSDT,69607.5,0.154,buy,2104396082
2024-03-28T00:16:20.601000+00:00,BTCUSDT,69607.4,0.002,sell,2104396083
2024-03-28T00:16:20.728000+00:00,BTCUSDT,69607.4,0.005,sell,2104396084
2024-03-28T00:16:20.732000+00:00,BTCUSDT,69607.5,0.011,buy,2104396085
2024-03-28T00:16:20.741000+00:00,BTCUSDT,69607.4,0.075,sell,2104396086
2024-03-28T00:16:20.756000+00:00,BTCUSDT,69607.5,0.01,buy,2104396087
2024-03-28T00:16:20.866000+00:00,BTCUSDT,69607.4,0.004,sell,2104396088
2024-03-28T00:16:21.274000+00:00,BTCUSDT,69607.5,0.004,buy,2104396089
2024-03-28T00:16:21.275000+00:00,BTCUSDT,69607.4,0.15,sell,2104396090
2024-03-28T00:16:21.411000+00:00,BTCUSDT,69607.5,0.079,buy,2104396091
2024-03-28T00:16:21.737000+00:00,BTCUSDT,69607.4,0.008,sell,2104396092
2024-03-28T00:16:21.812000+00:00,BTCUSDT,69607.5,0.057,buy,2104396093
2024-03-28T00:16:22.036000+00:00,BTCUSDT,69607.5,0.01,buy,2104396094
2024-03-28T00:16:22.208000+00:00,BTCUSDT,69607.5,0.006,buy,2104396095
2024-03-28T00:16:22.398000+00:00,BTCUSDT,69607.4,0.01,sell,2104396096
2024-03-28T00:16:22.418000+00:00,BTCUSDT,69607.5,0.1,buy,2104396097
2024-03-28T00:16:22.586000+00:00,BTCUSDT,69607.5,0.143,buy,2104396098
2024-03-28T00:16:22.653000+00:00,BTCUSDT,69607.4,0.205,sell,2104396099
2024-03-28T00:16:22.653000+00:00,BTCUSDT,69607.1,0.002,sell,2104396100
2024-03-28T00:16:22.654000+00:00,BTCUSDT,69606.0,0.002,sell,2104396101
2024-03-28T00:16:22.659000+00:00,BTCUSDT,69605.9,0.008,sell,2104396102
2024-03-28T00:16:22.659000+00:00,BTCUSDT,69605.0,0.012,sell,2104396103
2024-03-28T00:16:22.706000+00:00,BTCUSDT,69605.1,0.057,buy,2104396104
2024-03-28T00:16:22.840000+00:00,BTCUSDT,69605.1,0.014,buy,2104396105
2024-03-28T00:16:23.466000+00:00,BTCUSDT,69605.0,0.02,sell,2104396106
2024-03-28T00:16:23.537000+00:00,BTCUSDT,69605.1,0.01,buy,2104396107
2024-03-28T00:16:23.631000+00:00,BTCUSDT,69605.0,0.002,sell,2104396108
2024-03-28T00:16:23.858000+00:00,BTCUSDT,69605.0,0.002,sell,2104396109
2024-03-28T00:16:23.875000+00:00,BTCUSDT,69605.1,0.01,buy,2104396110
2024-03-28T00:16:24.201000+00:00,BTCUSDT,69605.1,0.011,buy,2104396111
2024-03-28T00:16:24.253000+00:00,BTCUSDT,69605.0,0.002,sell,2104396112
2024-03-28T00:16:24.262000+00:00,BTCUSDT,69605.1,0.152,buy,2104396113
2024-03-28T00:16:24.384000+00:00,BTCUSDT,69605.1,0.093,buy,2104396114
2024-03-28T00:16:24.956000+00:00,BTCUSDT,69605.1,0.02,buy,2104396115
2024-03-28T00:16:25.357000+00:00,BTCUSDT,69605.0,0.009,sell,2104396116
2024-03-28T00:16:25.493000+00:00,BTCUSDT,69605.1,0.01,buy,2104396117
2024-03-28T00:16:25.613000+00:00,BTCUSDT,69605.1,0.011,buy,2104396118
2024-03-28T00:16:25.825000+00:00,BTCUSDT,69605.0,0.036,sell,2104396119
2024-03-28T00:16:26.084000+00:00,BTCUSDT,69605.0,1.448,sell,2104396120
2024-03-28T00:16:26.085000+00:00,BTCUSDT,69604.5,0.002,sell,2104396121
2024-03-28T00:16:26.085000+00:00,BTCUSDT,69604.4,0.024,sell,2104396122
2024-03-28T00:16:26.085000+00:00,BTCUSDT,69604.3,0.002,sell,2104396123
2024-03-28T00:16:26.085000+00:00,BTCUSDT,69604.0,0.002,sell,2104396124
2024-03-28T00:16:26.085000+00:00,BTCUSDT,69603.7,0.003,sell,2104396125
2024-03-28T00:16:26.089000+00:00,BTCUSDT,69603.5,0.016,sell,2104396126
2024-03-28T00:16:26.089000+00:00,BTCUSDT,69603.2,0.035,sell,2104396127
2024-03-28T00:16:26.090000+00:00,BTCUSDT,69603.0,0.002,sell,2104396128
2024-03-28T00:16:26.090000+00:00,BTCUSDT,69602.8,0.002,sell,2104396129
2024-03-28T00:16:26.090000+00:00,BTCUSDT,69602.4,0.002,sell,2104396130
2024-03-28T00:16:26.090000+00:00,BTCUSDT,69602.3,0.002,sell,2104396131
2024-03-28T00:16:26.090000+00:00,BTCUSDT,69602.0,0.002,sell,2104396132
2024-03-28T00:16:26.090000+00:00,BTCUSDT,69601.4,0.002,sell,2104396133
2024-03-28T00:16:26.090000+00:00,BTCUSDT,69600.8,0.035,sell,2104396134
2024-03-28T00:16:26.135000+00:00,BTCUSDT,69600.9,0.004,buy,2104396135
2024-03-28T00:16:26.236000+00:00,BTCUSDT,69600.2,0.01,buy,2104396136
2024-03-28T00:16:26.391000+00:00,BTCUSDT,69600.2,0.48,buy,2104396137
2024-03-28T00:16:26.468000+00:00,BTCUSDT,69600.1,0.053,sell,2104396138
2024-03-28T00:16:26.472000+00:00,BTCUSDT,69600.0,0.047,sell,2104396139
2024-03-28T00:16:26.475000+00:00,BTCUSDT,69599.7,0.093,sell,2104396140
2024-03-28T00:16:26.538000+00:00,BTCUSDT,69599.7,0.007,buy,2104396141
2024-03-28T00:16:26.693000+00:00,BTCUSDT,69599.7,0.007,buy,2104396142
2024-03-28T00:16:26.763000+00:00,BTCUSDT,69599.6,0.25,sell,2104396143
2024-03-28T00:16:26.766000+00:00,BTCUSDT,69599.3,0.002,sell,2104396144
2024-03-28T00:16:26.766000+00:00,BTCUSDT,69599.1,0.009,sell,2104396145
2024-03-28T00:16:26.773000+00:00,BTCUSDT,69598.8,0.049,sell,2104396146
2024-03-28T00:16:26.774000+00:00,BTCUSDT,69598.2,0.002,sell,2104396147
2024-03-28T00:16:26.774000+00:00,BTCUSDT,69598.0,0.014,sell,2104396148
2024-03-28T00:16:26.774000+00:00,BTCUSDT,69597.8,0.002,sell,2104396149
2024-03-28T00:16:26.774000+00:00,BTCUSDT,69597.7,0.007,sell,2104396150
2024-03-28T00:16:26.774000+00:00,BTCUSDT,69597.6,0.002,sell,2104396151
2024-03-28T00:16:26.819000+00:00,BTCUSDT,69597.5,0.012,buy,2104396152
2024-03-28T00:16:26.904000+00:00,BTCUSDT,69597.4,0.03,sell,2104396153
2024-03-28T00:16:27.205000+00:00,BTCUSDT,69597.4,0.026,sell,2104396154
2024-03-28T00:16:27.343000+00:00,BTCUSDT,69597.5,0.01,buy,2104396155
2024-03-28T00:16:27.445000+00:00,BTCUSDT,69597.5,0.098,buy,2104396156
2024-03-28T00:16:27.583000+00:00,BTCUSDT,69597.4,0.255,sell,2104396157
2024-03-28T00:16:27.583000+00:00,BTCUSDT,69597.0,0.004,sell,2104396158
2024-03-28T00:16:27.583000+00:00,BTCUSDT,69596.8,0.274,sell,2104396159
2024-03-28T00:16:27.585000+00:00,BTCUSDT,69596.1,0.002,sell,2104396160
2024-03-28T00:16:27.585000+00:00,BTCUSDT,69596.0,0.012,sell,2104396161
2024-03-28T00:16:27.586000+00:00,BTCUSDT,69595.3,0.002,sell,2104396162
2024-03-28T00:16:27.586000+00:00,BTCUSDT,69595.2,0.002,sell,2104396163
2024-03-28T00:16:27.781000+00:00,BTCUSDT,69594.8,0.001,buy,2104396164
2024-03-28T00:16:27.781000+00:00,BTCUSDT,69594.7,0.402,sell,2104396165
2024-03-28T00:16:27.781000+00:00,BTCUSDT,69594.6,0.002,sell,2104396166
2024-03-28T00:16:27.781000+00:00,BTCUSDT,69594.4,0.002,sell,2104396167
2024-03-28T00:16:27.935000+00:00,BTCUSDT,69594.4,1.26,sell,2104396168
2024-03-28T00:16:27.935000+00:00,BTCUSDT,69594.3,0.101,sell,2104396169
2024-03-28T00:16:27.935000+00:00,BTCUSDT,69594.2,0.027,sell,2104396170
2024-03-28T00:16:27.935000+00:00,BTCUSDT,69594.1,0.015,sell,2104396171
2024-03-28T00:16:27.935000+00:00,BTCUSDT,69594.0,0.002,sell,2104396172
2024-03-28T00:16:27.935000+00:00,BTCUSDT,69593.7,0.002,sell,2104396173
2024-03-28T00:16:27.935000+00:00,BTCUSDT,69593.4,0.01,sell,2104396174
2024-03-28T00:16:27.935000+00:00,BTCUSDT,69593.0,0.01,sell,2104396175
2024-03-28T00:16:27.935000+00:00,BTCUSDT,69592.8,0.103,sell,2104396176
2024-03-28T00:16:27.935000+00:00,BTCUSDT,69592.7,0.002,sell,2104396177
2024-03-28T00:16:27.935000+00:00,BTCUSDT,69592.5,0.002,sell,2104396178
2024-03-28T00:16:27.935000+00:00,BTCUSDT,69592.0,0.012,sell,2104396179
2024-03-28T00:16:27.935000+00:00,BTCUSDT,69591.9,0.002,sell,2104396180
2024-03-28T00:16:27.935000+00:00,BTCUSDT,69591.1,0.04,sell,2104396181
2024-03-28T00:16:27.935000+00:00,BTCUSDT,69591.0,0.015,sell,2104396182
2024-03-28T00:16:27.935000+00:00,BTCUSDT,69590.9,0.002,sell,2104396183
2024-03-28T00:16:27.935000+00:00,BTCUSDT,69590.8,0.035,sell,2104396184
2024-03-28T00:16:27.935000+00:00,BTCUSDT,69590.0,0.137,sell,2104396185
2024-03-28T00:16:27.935000+00:00,BTCUSDT,69589.9,0.016,sell,2104396186
2024-03-28T00:16:27.935000+00:00,BTCUSDT,69589.8,0.002,sell,2104396187
2024-03-28T00:16:27.935000+00:00,BTCUSDT,69589.6,0.072,sell,2104396188
2024-03-28T00:16:27.935000+00:00,BTCUSDT,69589.5,0.002,sell,2104396189
2024-03-28T00:16:27.935000+00:00,BTCUSDT,69589.4,0.285,sell,2104396190
2024-03-28T00:16:27.935000+00:00,BTCUSDT,69589.1,0.251,sell,2104396191
2024-03-28T00:16:27.935000+00:00,BTCUSDT,69589.0,0.378,sell,2104396192
2024-03-28T00:16:27.935000+00:00,BTCUSDT,69588.8,0.001,sell,2104396193
2024-03-28T00:16:27.954000+00:00,BTCUSDT,69588.9,0.01,buy,2104396194
2024-03-28T00:16:28.161000+00:00,BTCUSDT,69588.8,0.034,sell,2104396195
2024-03-28T00:16:28.172000+00:00,BTCUSDT,69588.9,0.011,buy,2104396196
2024-03-28T00:16:28.373000+00:00,BTCUSDT,69588.9,0.039,buy,2104396197
2024-03-28T00:16:28.484000+00:00,BTCUSDT,69588.9,0.01,buy,2104396198
2024-03-28T00:16:28.585000+00:00,BTCUSDT,69588.8,0.022,sell,2104396199
2024-03-28T00:16:28.586000+00:00,BTCUSDT,69588.6,0.003,sell,2104396200
2024-03-28T00:16:28.586000+00:00,BTCUSDT,69588.0,0.012,sell,2104396201
2024-03-28T00:16:28.586000+00:00,BTCUSDT,69587.8,0.002,sell,2104396202
2024-03-28T00:16:28.596000+00:00,BTCUSDT,69587.4,0.026,buy,2104396203
2024-03-28T00:16:28.746000+00:00,BTCUSDT,69587.3,0.1,sell,2104396204
2024-03-28T00:16:28.936000+00:00,BTCUSDT,69587.2,0.002,sell,2104396205
2024-03-28T00:16:28.936000+00:00,BTCUSDT,69586.8,0.002,sell,2104396206
2024-03-28T00:16:28.936000+00:00,BTCUSDT,69586.0,0.051,sell,2104396207
2024-03-28T00:16:28.962000+00:00,BTCUSDT,69585.2,0.002,sell,2104396208
2024-03-28T00:16:28.962000+00:00,BTCUSDT,69585.0,0.01,sell,2104396209
2024-03-28T00:16:28.964000+00:00,BTCUSDT,69584.8,0.039,sell,2104396210
2024-03-28T00:16:28.964000+00:00,BTCUSDT,69584.7,0.072,sell,2104396211
2024-03-28T00:16:28.965000+00:00,BTCUSDT,69584.0,0.012,sell,2104396212
2024-03-28T00:16:28.965000+00:00,BTCUSDT,69583.9,0.002,sell,2104396213
2024-03-28T00:16:28.965000+00:00,BTCUSDT,69583.8,0.002,sell,2104396214
2024-03-28T00:16:28.965000+00:00,BTCUSDT,69583.5,0.004,sell,2104396215
2024-03-28T00:16:28.965000+00:00,BTCUSDT,69583.3,0.003,sell,2104396216
2024-03-28T00:16:29.011000+00:00,BTCUSDT,69583.2,0.087,sell,2104396217
2024-03-28T00:16:29.015000+00:00,BTCUSDT,69582.9,0.002,sell,2104396218
2024-03-28T00:16:29.015000+00:00,BTCUSDT,69582.8,0.012,sell,2104396219
2024-03-28T00:16:29.015000+00:00,BTCUSDT,69582.6,0.227,sell,2104396220
2024-03-28T00:16:29.015000+00:00,BTCUSDT,69582.5,0.002,sell,2104396221
2024-03-28T00:16:29.015000+00:00,BTCUSDT,69582.0,0.012,sell,2104396222
2024-03-28T00:16:29.016000+00:00,BTCUSDT,69581.8,0.017,sell,2104396223
2024-03-28T00:16:29.016000+00:00,BTCUSDT,69581.6,0.002,sell,2104396224
2024-03-28T00:16:29.016000+00:00,BTCUSDT,69581.5,0.002,sell,2104396225
2024-03-28T00:16:29.016000+00:00,BTCUSDT,69581.4,0.002,sell,2104396226
2024-03-28T00:16:29.022000+00:00,BTCUSDT,69581.2,0.121,sell,2104396227
2024-03-28T00:16:29.058000+00:00,BTCUSDT,69580.4,0.002,sell,2104396228
2024-03-28T00:16:29.059000+00:00,BTCUSDT,69580.2,0.004,sell,2104396229
2024-03-28T00:16:29.059000+00:00,BTCUSDT,69580.0,0.024,sell,2104396230
2024-03-28T00:16:29.059000+00:00,BTCUSDT,69579.8,0.002,sell,2104396231
2024-03-28T00:16:29.059000+00:00,BTCUSDT,69579.5,0.072,sell,2104396232
2024-03-28T00:16:29.059000+00:00,BTCUSDT,69579.3,0.002,sell,2104396233
2024-03-28T00:16:29.059000+00:00,BTCUSDT,69579.1,0.002,sell,2104396234
2024-03-28T00:16:29.059000+00:00,BTCUSDT,69579.0,0.01,sell,2104396235
2024-03-28T00:16:29.059000+00:00,BTCUSDT,69578.9,0.029,sell,2104396236
2024-03-28T00:16:29.059000+00:00,BTCUSDT,69578.7,0.002,sell,2104396237
2024-03-28T00:16:29.059000+00:00,BTCUSDT,69578.3,0.006,sell,2104396238
2024-03-28T00:16:29.059000+00:00,BTCUSDT,69578.0,0.037,sell,2104396239
2024-03-28T00:16:29.059000+00:00,BTCUSDT,69577.2,0.002,sell,2104396240
2024-03-28T00:16:29.059000+00:00,BTCUSDT,69577.0,0.01,sell,2104396241
2024-03-28T00:16:29.059000+00:00,BTCUSDT,69576.9,0.003,sell,2104396242
2024-03-28T00:16:29.059000+00:00,BTCUSDT,69576.4,0.125,sell,2104396243
2024-03-28T00:16:29.059000+00:00,BTCUSDT,69576.1,0.002,sell,2104396244
2024-03-28T00:16:29.059000+00:00,BTCUSDT,69576.0,0.012,sell,2104396245
2024-03-28T00:16:29.059000+00:00,BTCUSDT,69575.9,0.002,sell,2104396246
2024-03-28T00:16:29.059000+00:00,BTCUSDT,69575.6,0.004,sell,2104396247
2024-03-28T00:16:29.059000+00:00,BTCUSDT,69575.3,0.003,sell,2104396248
2024-03-28T00:16:29.059000+00:00,BTCUSDT,69575.2,0.016,sell,2104396249
2024-03-28T00:16:29.059000+00:00,BTCUSDT,69575.1,0.219,sell,2104396250
2024-03-28T00:16:29.059000+00:00,BTCUSDT,69575.0,0.016,sell,2104396251
2024-03-28T00:16:29.059000+00:00,BTCUSDT,69574.8,0.07,sell,2104396252
2024-03-28T00:16:29.059000+00:00,BTCUSDT,69574.7,0.306,sell,2104396253
2024-03-28T00:16:29.059000+00:00,BTCUSDT,69574.6,0.027,sell,2104396254
2024-03-28T00:16:29.059000+00:00,BTCUSDT,69574.4,0.112,sell,2104396255
2024-03-28T00:16:29.135000+00:00,BTCUSDT,69574.5,0.01,buy,2104396256
2024-03-28T00:16:29.238000+00:00,BTCUSDT,69574.4,0.018,sell,2104396257
2024-03-28T00:16:29.321000+00:00,BTCUSDT,69574.2,0.057,sell,2104396258
2024-03-28T00:16:29.321000+00:00,BTCUSDT,69574.1,0.005,sell,2104396259
2024-03-28T00:16:29.321000+00:00,BTCUSDT,69573.8,0.039,sell,2104396260
2024-03-28T00:16:29.349000+00:00,BTCUSDT,69573.6,0.004,sell,2104396261
2024-03-28T00:16:29.349000+00:00,BTCUSDT,69573.3,0.002,sell,2104396262
2024-03-28T00:16:29.349000+00:00,BTCUSDT,69573.0,0.014,sell,2104396263
2024-03-28T00:16:29.349000+00:00,BTCUSDT,69572.6,0.357,sell,2104396264
2024-03-28T00:16:29.679000+00:00,BTCUSDT,69572.7,0.01,buy,2104396265
2024-03-28T00:16:29.752000+00:00,BTCUSDT,69572.6,0.003,sell,2104396266
2024-03-28T00:16:29.933000+00:00,BTCUSDT,69572.7,0.005,buy,2104396267
2024-03-28T00:16:30.076000+00:00,BTCUSDT,69572.7,0.01,buy,2104396268
2024-03-28T00:16:30.127000+00:00,BTCUSDT,69572.6,0.002,sell,2104396269
2024-03-28T00:16:30.127000+00:00,BTCUSDT,69572.5,0.002,sell,2104396270
2024-03-28T00:16:30.127000+00:00,BTCUSDT,69572.3,0.004,sell,2104396271
2024-03-28T00:16:30.127000+00:00,BTCUSDT,69572.0,0.178,sell,2104396272
2024-03-28T00:16:30.153000+00:00,BTCUSDT,69571.7,0.03,sell,2104396273
2024-03-28T00:16:30.153000+00:00,BTCUSDT,69571.4,0.004,sell,2104396274
2024-03-28T00:16:30.153000+00:00,BTCUSDT,69571.2,0.012,sell,2104396275
2024-03-28T00:16:30.153000+00:00,BTCUSDT,69571.0,0.01,sell,2104396276
2024-03-28T00:16:30.154000+00:00,BTCUSDT,69570.5,0.002,sell,2104396277
2024-03-28T00:16:30.154000+00:00,BTCUSDT,69570.4,0.008,sell,2104396278
2024-03-28T00:16:30.154000+00:00,BTCUSDT,69570.0,0.012,sell,2104396279
2024-03-28T00:16:30.154000+00:00,BTCUSDT,69569.8,0.002,sell,2104396280
2024-03-28T00:16:30.191000+00:00,BTCUSDT,69568.8,0.007,sell,2104396281
2024-03-28T00:16:30.236000+00:00,BTCUSDT,69568.7,0.004,buy,2104396282
2024-03-28T00:16:30.237000+00:00,BTCUSDT,69568.6,0.061,sell,2104396283
2024-03-28T00:16:30.240000+00:00,BTCUSDT,69568.2,0.072,sell,2104396284
2024-03-28T00:16:30.245000+00:00,BTCUSDT,69568.0,0.016,sell,2104396285
2024-03-28T00:16:30.245000+00:00,BTCUSDT,69567.9,0.002,sell,2104396286
2024-03-28T00:16:30.251000+00:00,BTCUSDT,69567.3,0.003,sell,2104396287
2024-03-28T00:16:30.251000+00:00,BTCUSDT,69567.0,0.012,sell,2104396288
2024-03-28T00:16:30.251000+00:00,BTCUSDT,69566.7,0.002,sell,2104396289
2024-03-28T00:16:30.251000+00:00,BTCUSDT,69566.5,0.335,sell,2104396290
2024-03-28T00:16:30.277000+00:00,BTCUSDT,69566.0,0.005,sell,2104396291
2024-03-28T00:16:30.311000+00:00,BTCUSDT,69565.5,0.014,sell,2104396292
2024-03-28T00:16:30.420000+00:00,BTCUSDT,69565.4,0.065,sell,2104396293
2024-03-28T00:16:30.420000+00:00,BTCUSDT,69565.2,0.052,sell,2104396294
2024-03-28T00:16:30.525000+00:00,BTCUSDT,69565.3,0.011,buy,2104396295
2024-03-28T00:16:30.542000+00:00,BTCUSDT,69565.2,0.064,sell,2104396296
2024-03-28T00:16:30.542000+00:00,BTCUSDT,69564.6,0.002,sell,2104396297
2024-03-28T00:16:30.542000+00:00,BTCUSDT,69564.5,0.219,sell,2104396298
2024-03-28T00:16:30.545000+00:00,BTCUSDT,69564.0,0.012,sell,2104396299
2024-03-28T00:16:30.545000+00:00,BTCUSDT,69563.3,0.132,sell,2104396300
2024-03-28T00:16:30.546000+00:00,BTCUSDT,69563.0,0.006,sell,2104396301
2024-03-28T00:16:30.549000+00:00,BTCUSDT,69562.5,0.02,sell,2104396302
2024-03-28T00:16:30.549000+00:00,BTCUSDT,69562.0,0.012,sell,2104396303
2024-03-28T00:16:30.549000+00:00,BTCUSDT,69561.8,0.009,sell,2104396304
2024-03-28T00:16:30.580000+00:00,BTCUSDT,69561.5,0.007,sell,2104396305
2024-03-28T00:16:30.580000+00:00,BTCUSDT,69561.4,0.002,sell,2104396306
2024-03-28T00:16:30.588000+00:00,BTCUSDT,69560.9,0.007,sell,2104396307
2024-03-28T00:16:30.589000+00:00,BTCUSDT,69560.8,0.158,sell,2104396308
2024-03-28T00:16:30.595000+00:00,BTCUSDT,69560.1,0.312,sell,2104396309
2024-03-28T00:16:30.595000+00:00,BTCUSDT,69560.0,0.024,sell,2104396310
2024-03-28T00:16:30.595000+00:00,BTCUSDT,69559.7,0.002,sell,2104396311
2024-03-28T00:16:30.595000+00:00,BTCUSDT,69559.5,0.068,sell,2104396312
2024-03-28T00:16:30.595000+00:00,BTCUSDT,69559.2,0.074,sell,2104396313
2024-03-28T00:16:30.597000+00:00,BTCUSDT,69559.0,0.028,sell,2104396314
2024-03-28T00:16:30.597000+00:00,BTCUSDT,69558.9,0.03,sell,2104396315
2024-03-28T00:16:30.597000+00:00,BTCUSDT,69558.7,0.005,sell,2104396316
2024-03-28T00:16:30.597000+00:00,BTCUSDT,69558.0,0.023,sell,2104396317
2024-03-28T00:16:30.597000+00:00,BTCUSDT,69557.9,0.004,sell,2104396318
2024-03-28T00:16:30.597000+00:00,BTCUSDT,69557.7,0.014,sell,2104396319
2024-03-28T00:16:30.597000+00:00,BTCUSDT,69557.6,0.009,sell,2104396320
2024-03-28T00:16:30.597000+00:00,BTCUSDT,69557.4,0.002,sell,2104396321
2024-03-28T00:16:30.597000+00:00,BTCUSDT,69557.3,0.146,sell,2104396322
2024-03-28T00:16:30.597000+00:00,BTCUSDT,69557.2,0.015,sell,2104396323
2024-03-28T00:16:30.597000+00:00,BTCUSDT,69557.1,0.002,sell,2104396324
2024-03-28T00:16:30.597000+00:00,BTCUSDT,69557.0,0.822,sell,2104396325
2024-03-28T00:16:30.597000+00:00,BTCUSDT,69556.5,0.039,sell,2104396326
2024-03-28T00:16:30.597000+00:00,BTCUSDT,69556.2,0.005,sell,2104396327
2024-03-28T00:16:30.597000+00:00,BTCUSDT,69556.1,0.002,sell,2104396328
2024-03-28T00:16:30.597000+00:00,BTCUSDT,69556.0,0.014,sell,2104396329
2024-03-28T00:16:30.597000+00:00,BTCUSDT,69555.8,0.002,sell,2104396330
2024-03-28T00:16:30.597000+00:00,BTCUSDT,69555.6,1.811,sell,2104396331
2024-03-28T00:16:30.597000+00:00,BTCUSDT,69555.3,0.116,sell,2104396332
2024-03-28T00:16:30.597000+00:00,BTCUSDT,69555.2,0.098,sell,2104396333
2024-03-28T00:16:30.597000+00:00,BTCUSDT,69555.1,0.662,sell,2104396334
2024-03-28T00:16:30.667000+00:00,BTCUSDT,69555.0,0.073,sell,2104396335
2024-03-28T00:16:30.667000+00:00,BTCUSDT,69554.9,0.052,sell,2104396336
2024-03-28T00:16:30.667000+00:00,BTCUSDT,69554.5,0.002,sell,2104396337
2024-03-28T00:16:30.667000+00:00,BTCUSDT,69554.3,0.126,sell,2104396338
2024-03-28T00:16:30.667000+00:00,BTCUSDT,69554.2,0.002,sell,2104396339
2024-03-28T00:16:30.667000+00:00,BTCUSDT,69554.0,0.002,sell,2104396340
2024-03-28T00:16:30.667000+00:00,BTCUSDT,69553.9,0.296,sell,2104396341
2024-03-28T00:16:30.667000+00:00,BTCUSDT,69553.8,0.149,sell,2104396342
2024-03-28T00:16:30.667000+00:00,BTCUSDT,69553.5,0.027,sell,2104396343
2024-03-28T00:16:30.667000+00:00,BTCUSDT,69553.4,0.003,sell,2104396344
2024-03-28T00:16:30.667000+00:00,BTCUSDT,69553.2,0.003,sell,2104396345
2024-03-28T00:16:30.667000+00:00,BTCUSDT,69553.0,0.014,sell,2104396346
2024-03-28T00:16:30.667000+00:00,BTCUSDT,69552.7,0.336,sell,2104396347
2024-03-28T00:16:30.667000+00:00,BTCUSDT,69552.4,0.002,sell,2104396348
2024-03-28T00:16:30.667000+00:00,BTCUSDT,69552.3,0.02,sell,2104396349
2024-03-28T00:16:30.667000+00:00,BTCUSDT,69552.2,0.007,sell,2104396350
2024-03-28T00:16:30.667000+00:00,BTCUSDT,69552.1,0.031,sell,2104396351
2024-03-28T00:16:30.667000+00:00,BTCUSDT,69552.0,0.006,sell,2104396352
2024-03-28T00:16:30.667000+00:00,BTCUSDT,69551.8,0.002,sell,2104396353
2024-03-28T00:16:30.667000+00:00,BTCUSDT,69551.0,0.012,sell,2104396354
2024-03-28T00:16:30.667000+00:00,BTCUSDT,69550.8,0.357,sell,2104396355
2024-03-28T00:16:30.667000+00:00,BTCUSDT,69550.7,0.957,sell,2104396356
2024-03-28T00:16:30.667000+00:00,BTCUSDT,69550.6,0.01,sell,2104396357
2024-03-28T00:16:30.667000+00:00,BTCUSDT,69550.5,0.002,sell,2104396358
2024-03-28T00:16:30.729000+00:00,BTCUSDT,69550.4,0.005,buy,2104396359
2024-03-28T00:16:30.742000+00:00,BTCUSDT,69550.3,0.029,sell,2104396360
2024-03-28T00:16:30.780000+00:00,BTCUSDT,69550.4,0.01,buy,2104396361
2024-03-28T00:16:31.006000+00:00,BTCUSDT,69550.3,0.441,sell,2104396362
2024-03-28T00:16:31.061000+00:00,BTCUSDT,69550.2,0.002,sell,2104396363
2024-03-28T00:16:31.061000+00:00,BTCUSDT,69550.1,0.002,sell,2104396364
2024-03-28T00:16:31.061000+00:00,BTCUSDT,69550.0,0.866,sell,2104396365
2024-03-28T00:16:31.106000+00:00,BTCUSDT,69549.6,0.013,sell,2104396366
2024-03-28T00:16:31.106000+00:00,BTCUSDT,69549.4,0.028,sell,2104396367
2024-03-28T00:16:31.108000+00:00,BTCUSDT,69549.1,0.123,sell,2104396368
2024-03-28T00:16:31.160000+00:00,BTCUSDT,69548.7,0.122,sell,2104396369
2024-03-28T00:16:31.160000+00:00,BTCUSDT,69548.6,0.002,sell,2104396370
2024-03-28T00:16:31.160000+00:00,BTCUSDT,69548.2,0.344,sell,2104396371
2024-03-28T00:16:31.190000+00:00,BTCUSDT,69548.0,0.006,sell,2104396372
2024-03-28T00:16:31.212000+00:00,BTCUSDT,69547.8,0.004,sell,2104396373
2024-03-28T00:16:31.212000+00:00,BTCUSDT,69547.7,0.025,sell,2104396374
2024-03-28T00:16:31.246000+00:00,BTCUSDT,69547.4,0.021,sell,2104396375
2024-03-28T00:16:31.246000+00:00,BTCUSDT,69547.2,0.002,sell,2104396376
2024-03-28T00:16:31.246000+00:00,BTCUSDT,69547.1,0.104,sell,2104396377
2024-03-28T00:16:31.525000+00:00,BTCUSDT,69547.0,0.02,buy,2104396378
2024-03-28T00:16:31.655000+00:00,BTCUSDT,69546.9,0.015,sell,2104396379
2024-03-28T00:16:31.779000+00:00,BTCUSDT,69547.0,0.018,buy,2104396380
2024-03-28T00:16:31.802000+00:00,BTCUSDT,69546.9,0.005,sell,2104396381
2024-03-28T00:16:32.035000+00:00,BTCUSDT,69547.0,0.016,buy,2104396382
2024-03-28T00:16:32.035000+00:00,BTCUSDT,69546.9,1.407,sell,2104396383
2024-03-28T00:16:32.185000+00:00,BTCUSDT,69547.0,0.111,buy,2104396384
2024-03-28T00:16:32.319000+00:00,BTCUSDT,69547.0,0.01,buy,2104396385
2024-03-28T00:16:32.404000+00:00,BTCUSDT,69546.9,0.351,sell,2104396386
2024-03-28T00:16:32.655000+00:00,BTCUSDT,69547.0,2.299,buy,2104396387
2024-03-28T00:16:32.663000+00:00,BTCUSDT,69547.1,0.057,buy,2104396388
2024-03-28T00:16:32.663000+00:00,BTCUSDT,69547.8,0.034,buy,2104396389
2024-03-28T00:16:32.663000+00:00,BTCUSDT,69547.9,0.004,buy,2104396390
2024-03-28T00:16:32.663000+00:00,BTCUSDT,69548.0,0.002,buy,2104396391
2024-03-28T00:16:32.663000+00:00,BTCUSDT,69548.2,0.332,buy,2104396392
2024-03-28T00:16:32.842000+00:00,BTCUSDT,69548.1,1.003,sell,2104396393
2024-03-28T00:16:32.953000+00:00,BTCUSDT,69548.2,0.229,buy,2104396394
2024-03-28T00:16:33.139000+00:00,BTCUSDT,69548.1,0.603,sell,2104396395
2024-03-28T00:16:33.239000+00:00,BTCUSDT,69548.2,0.6,buy,2104396396
2024-03-28T00:16:33.281000+00:00,BTCUSDT,69548.1,0.014,sell,2104396397
2024-03-28T00:16:33.450000+00:00,BTCUSDT,69548.2,0.103,buy,2104396398
2024-03-28T00:16:33.680000+00:00,BTCUSDT,69548.1,0.013,sell,2104396399
2024-03-28T00:16:33.727000+00:00,BTCUSDT,69548.2,0.1,buy,2104396400
2024-03-28T00:16:33.874000+00:00,BTCUSDT,69548.2,0.007,buy,2104396401
2024-03-28T00:16:33.878000+00:00,BTCUSDT,69548.1,0.377,sell,2104396402
2024-03-28T00:16:33.971000+00:00,BTCUSDT,69548.2,0.01,buy,2104396403
2024-03-28T00:16:33.983000+00:00,BTCUSDT,69548.1,0.003,sell,2104396404
2024-03-28T00:16:34.046000+00:00,BTCUSDT,69548.2,0.786,buy,2104396405
2024-03-28T00:16:34.046000+00:00,BTCUSDT,69548.3,0.002,buy,2104396406
2024-03-28T00:16:34.046000+00:00,BTCUSDT,69548.9,0.004,buy,2104396407
2024-03-28T00:16:34.046000+00:00,BTCUSDT,69549.1,0.002,buy,2104396408
2024-03-28T00:16:34.046000+00:00,BTCUSDT,69549.5,0.004,buy,2104396409
2024-03-28T00:16:34.046000+00:00,BTCUSDT,69550.0,0.008,buy,2104396410
2024-03-28T00:16:34.046000+00:00,BTCUSDT,69550.4,0.004,buy,2104396411
2024-03-28T00:16:34.046000+00:00,BTCUSDT,69550.7,0.003,buy,2104396412
2024-03-28T00:16:34.046000+00:00,BTCUSDT,69551.5,0.003,buy,2104396413
2024-03-28T00:16:34.046000+00:00,BTCUSDT,69551.7,0.002,buy,2104396414
2024-03-28T00:16:34.046000+00:00,BTCUSDT,69551.9,0.009,buy,2104396415
2024-03-28T00:16:34.046000+00:00,BTCUSDT,69552.0,0.004,buy,2104396416
2024-03-28T00:16:34.046000+00:00,BTCUSDT,69552.3,0.003,buy,2104396417
2024-03-28T00:16:34.046000+00:00,BTCUSDT,69553.3,0.019,buy,2104396418
2024-03-28T00:16:34.046000+00:00,BTCUSDT,69553.6,0.011,buy,2104396419
2024-03-28T00:16:34.046000+00:00,BTCUSDT,69553.9,0.003,buy,2104396420
2024-03-28T00:16:34.046000+00:00,BTCUSDT,69554.0,0.031,buy,2104396421
2024-03-28T00:16:34.046000+00:00,BTCUSDT,69554.1,0.002,buy,2104396422
2024-03-28T00:16:34.046000+00:00,BTCUSDT,69554.2,0.002,buy,2104396423
2024-03-28T00:16:34.046000+00:00,BTCUSDT,69554.3,0.004,buy,2104396424
2024-03-28T00:16:34.046000+00:00,BTCUSDT,69554.5,0.004,buy,2104396425
2024-03-28T00:16:34.046000+00:00,BTCUSDT,69555.0,0.057,buy,2104396426
2024-03-28T00:16:34.046000+00:00,BTCUSDT,69555.2,0.005,buy,2104396427
2024-03-28T00:16:34.047000+00:00,BTCUSDT,69555.5,0.003,buy,2104396428
2024-03-28T00:16:34.047000+00:00,BTCUSDT,69555.6,0.029,buy,2104396429
2024-03-28T00:16:34.047000+00:00,BTCUSDT,69556.0,0.004,buy,2104396430
2024-03-28T00:16:34.047000+00:00,BTCUSDT,69556.2,0.002,buy,2104396431
2024-03-28T00:16:34.047000+00:00,BTCUSDT,69556.6,0.057,buy,2104396432
2024-03-28T00:16:34.047000+00:00,BTCUSDT,69557.2,0.029,buy,2104396433
2024-03-28T00:16:34.047000+00:00,BTCUSDT,69557.4,0.002,buy,2104396434
2024-03-28T00:16:34.047000+00:00,BTCUSDT,69557.9,0.293,buy,2104396435
2024-03-28T00:16:34.047000+00:00,BTCUSDT,69558.0,0.704,buy,2104396436
2024-03-28T00:16:34.047000+00:00,BTCUSDT,69558.1,0.576,buy,2104396437
2024-03-28T00:16:34.090000+00:00,BTCUSDT,69557.3,0.759,sell,2104396438
2024-03-28T00:16:34.091000+00:00,BTCUSDT,69556.0,0.012,sell,2104396439
2024-03-28T00:16:34.091000+00:00,BTCUSDT,69555.5,0.002,sell,2104396440
2024-03-28T00:16:34.094000+00:00,BTCUSDT,69555.0,0.01,sell,2104396441
2024-03-28T00:16:34.094000+00:00,BTCUSDT,69554.1,0.002,sell,2104396442
2024-03-28T00:16:34.094000+00:00,BTCUSDT,69554.0,0.012,sell,2104396443
2024-03-28T00:16:34.094000+00:00,BTCUSDT,69553.0,0.01,sell,2104396444
2024-03-28T00:16:34.096000+00:00,BTCUSDT,69552.1,0.002,sell,2104396445
2024-03-28T00:16:34.096000+00:00,BTCUSDT,69552.0,0.028,sell,2104396446
2024-03-28T00:16:34.115000+00:00,BTCUSDT,69551.7,0.011,buy,2104396447
2024-03-28T00:16:34.115000+00:00,BTCUSDT,69551.6,0.002,sell,2104396448
2024-03-28T00:16:34.141000+00:00,BTCUSDT,69551.7,0.027,buy,2104396449
2024-03-28T00:16:34.177000+00:00,BTCUSDT,69551.6,0.003,sell,2104396450
2024-03-28T00:16:34.574000+00:00,BTCUSDT,69551.7,0.01,buy,2104396451
2024-03-28T00:16:34.823000+00:00,BTCUSDT,69551.6,0.003,sell,2104396452
2024-03-28T00:16:34.826000+00:00,BTCUSDT,69551.7,0.006,buy,2104396453
2024-03-28T00:16:34.907000+00:00,BTCUSDT,69551.6,0.221,sell,2104396454
2024-03-28T00:16:34.907000+00:00,BTCUSDT,69551.5,0.002,sell,2104396455
2024-03-28T00:16:34.907000+00:00,BTCUSDT,69550.7,0.003,sell,2104396456
2024-03-28T00:16:34.907000+00:00,BTCUSDT,69550.0,0.012,sell,2104396457
2024-03-28T00:16:34.907000+00:00,BTCUSDT,69549.9,0.003,sell,2104396458
2024-03-28T00:16:34.907000+00:00,BTCUSDT,69549.7,0.026,sell,2104396459
2024-03-28T00:16:34.907000+00:00,BTCUSDT,69549.6,0.002,sell,2104396460
2024-03-28T00:16:34.907000+00:00,BTCUSDT,69549.1,0.003,sell,2104396461
2024-03-28T00:16:34.907000+00:00,BTCUSDT,69549.0,0.01,sell,2104396462
2024-03-28T00:16:34.907000+00:00,BTCUSDT,69548.6,0.057,sell,2104396463
2024-03-28T00:16:34.907000+00:00,BTCUSDT,69548.3,0.003,sell,2104396464
2024-03-28T00:16:34.907000+00:00,BTCUSDT,69548.2,0.002,sell,2104396465
2024-03-28T00:16:34.907000+00:00,BTCUSDT,69548.1,0.017,sell,2104396466
2024-03-28T00:16:34.907000+00:00,BTCUSDT,69548.0,0.012,sell,2104396467
2024-03-28T00:16:34.907000+00:00,BTCUSDT,69547.9,0.181,sell,2104396468
2024-03-28T00:16:35.075000+00:00,BTCUSDT,69547.5,0.063,sell,2104396469
2024-03-28T00:16:35.128000+00:00,BTCUSDT,69547.6,0.01,buy,2104396470
2024-03-28T00:16:35.242000+00:00,BTCUSDT,69547.6,0.006,buy,2104396471
2024-03-28T00:16:35.425000+00:00,BTCUSDT,69547.6,0.094,buy,2104396472
2024-03-28T00:16:35.461000+00:00,BTCUSDT,69547.5,0.111,sell,2104396473
2024-03-28T00:16:35.554000+00:00,BTCUSDT,69546.9,0.01,sell,2104396474
2024-03-28T00:16:35.688000+00:00,BTCUSDT,69547.0,0.087,buy,2104396475
2024-03-28T00:16:35.783000+00:00,BTCUSDT,69546.9,0.145,sell,2104396476
2024-03-28T00:16:35.783000+00:00,BTCUSDT,69546.5,0.004,sell,2104396477
2024-03-28T00:16:35.783000+00:00,BTCUSDT,69546.4,0.016,sell,2104396478
2024-03-28T00:16:35.783000+00:00,BTCUSDT,69546.1,0.022,sell,2104396479
2024-03-28T00:16:35.783000+00:00,BTCUSDT,69546.0,0.014,sell,2104396480
2024-03-28T00:16:35.783000+00:00,BTCUSDT,69545.7,0.004,sell,2104396481
2024-03-28T00:16:35.783000+00:00,BTCUSDT,69545.4,0.059,sell,2104396482
2024-03-28T00:16:35.783000+00:00,BTCUSDT,69545.1,0.002,sell,2104396483
2024-03-28T00:16:35.783000+00:00,BTCUSDT,69545.0,0.071,sell,2104396484
2024-03-28T00:16:35.783000+00:00,BTCUSDT,69544.8,0.002,sell,2104396485
2024-03-28T00:16:35.783000+00:00,BTCUSDT,69544.7,0.01,sell,2104396486
2024-03-28T00:16:35.783000+00:00,BTCUSDT,69544.6,0.426,sell,2104396487
2024-03-28T00:16:35.783000+00:00,BTCUSDT,69544.4,0.276,sell,2104396488
2024-03-28T00:16:35.784000+00:00,BTCUSDT,69544.0,0.012,sell,2104396489
2024-03-28T00:16:35.785000+00:00,BTCUSDT,69543.8,0.009,sell,2104396490
2024-03-28T00:16:35.785000+00:00,BTCUSDT,69543.7,0.127,sell,2104396491
2024-03-28T00:16:35.785000+00:00,BTCUSDT,69543.6,0.002,sell,2104396492
2024-03-28T00:16:35.785000+00:00,BTCUSDT,69543.4,0.153,sell,2104396493
2024-03-28T00:16:35.785000+00:00,BTCUSDT,69543.3,0.002,sell,2104396494
2024-03-28T00:16:35.785000+00:00,BTCUSDT,69543.1,0.007,sell,2104396495
