timestamp,symbol,price,size,side,trade_id
2024-03-28T00:20:22.414000+00:00,BTCUSDT,70027.2,1.379,sell,2104408089
2024-03-28T00:20:22.448000+00:00,BTCUSDT,70026.5,0.005,sell,2104408090
2024-03-28T00:20:22.448000+00:00,BTCUSDT,70026.0,0.002,sell,2104408091
2024-03-28T00:20:22.448000+00:00,BTCUSDT,70024.6,0.007,sell,2104408092
2024-03-28T00:20:22.448000+00:00,BTCUSDT,70024.5,0.002,sell,2104408093
2024-03-28T00:20:22.448000+00:00,BTCUSDT,70024.0,0.002,sell,2104408094
2024-03-28T00:20:22.450000+00:00,BTCUSDT,70023.5,0.549,sell,2104408095
2024-03-28T00:20:22.457000+00:00,BTCUSDT,70022.0,0.004,sell,2104408096
2024-03-28T00:20:22.480000+00:00,BTCUSDT,70021.4,0.039,buy,2104408097
2024-03-28T00:20:22.481000+00:00,BTCUSDT,70021.3,0.002,sell,2104408098
2024-03-28T00:20:22.481000+00:00,BTCUSDT,70021.4,0.082,buy,2104408099
2024-03-28T00:20:22.533000+00:00,BTCUSDT,70021.3,0.016,sell,2104408100
2024-03-28T00:20:22.545000+00:00,BTCUSDT,70021.4,0.002,buy,2104408101
2024-03-28T00:20:22.564000+00:00,BTCUSDT,70021.3,0.114,sell,2104408102
2024-03-28T00:20:22.575000+00:00,BTCUSDT,70021.4,0.035,buy,2104408103
2024-03-28T00:20:22.582000+00:00,BTCUSDT,70021.3,0.025,sell,2104408104
2024-03-28T00:20:22.614000+00:00,BTCUSDT,70020.8,0.002,sell,2104408105
2024-03-28T00:20:22.614000+00:00,BTCUSDT,70020.0,0.002,sell,2104408106
2024-03-28T00:20:22.617000+00:00,BTCUSDT,70019.1,0.433,sell,2104408107
2024-03-28T00:20:22.618000+00:00,BTCUSDT,70018.6,0.002,sell,2104408108
2024-03-28T00:20:22.630000+00:00,BTCUSDT,70018.1,0.046,sell,2104408109
2024-03-28T00:20:22.630000+00:00,BTCUSDT,70017.8,1.919,sell,2104408110
2024-03-28T00:20:22.631000+00:00,BTCUSDT,70017.5,0.011,sell,2104408111
2024-03-28T00:20:22.643000+00:00,BTCUSDT,70016.4,0.189,buy,2104408112
2024-03-28T00:20:22.681000+00:00,BTCUSDT,70016.3,0.004,sell,2104408113
2024-03-28T00:20:22.724000+00:00,BTCUSDT,70015.8,0.061,sell,2104408114
2024-03-28T00:20:22.734000+00:00,BTCUSDT,70015.6,0.002,sell,2104408115
2024-03-28T00:20:22.734000+00:00,BTCUSDT,70015.3,0.002,sell,2104408116
2024-03-28T00:20:22.734000+00:00,BTCUSDT,70014.8,0.029,sell,2104408117
2024-03-28T00:20:22.734000+00:00,BTCUSDT,70014.2,0.057,sell,2104408118
2024-03-28T00:20:22.734000+00:00,BTCUSDT,70014.1,0.002,sell,2104408119
2024-03-28T00:20:22.734000+00:00,BTCUSDT,70014.0,0.004,sell,2104408120
2024-03-28T00:20:22.735000+00:00,BTCUSDT,70013.8,0.002,sell,2104408121
2024-03-28T00:20:22.735000+00:00,BTCUSDT,70013.6,0.003,sell,2104408122
2024-03-28T00:20:22.735000+00:00,BTCUSDT,70013.2,0.051,sell,2104408123
2024-03-28T00:20:22.840000+00:00,BTCUSDT,70013.3,0.217,buy,2104408124
2024-03-28T00:20:22.869000+00:00,BTCUSDT,70013.2,0.844,sell,2104408125
2024-03-28T00:20:22.893000+00:00,BTCUSDT,70012.8,0.002,sell,2104408126
2024-03-28T00:20:22.893000+00:00,BTCUSDT,70012.2,0.23,sell,2104408127
2024-03-28T00:20:22.893000+00:00,BTCUSDT,70012.0,0.002,sell,2104408128
2024-03-28T00:20:22.896000+00:00,BTCUSDT,70010.3,0.033,sell,2104408129
2024-03-28T00:20:22.906000+00:00,BTCUSDT,70010.4,0.05,buy,2104408130
2024-03-28T00:20:22.909000+00:00,BTCUSDT,70010.3,0.004,sell,2104408131
2024-03-28T00:20:22.945000+00:00,BTCUSDT,70010.4,0.016,buy,2104408132
2024-03-28T00:20:22.947000+00:00,BTCUSDT,70010.3,0.063,sell,2104408133
2024-03-28T00:20:23.074000+00:00,BTCUSDT,70010.3,0.357,sell,2104408134
2024-03-28T00:20:23.178000+00:00,BTCUSDT,70010.3,0.3,sell,2104408135
2024-03-28T00:20:23.258000+00:00,BTCUSDT,70010.4,0.247,buy,2104408136
2024-03-28T00:20:23.293000+00:00,BTCUSDT,70010.3,0.906,sell,2104408137
2024-03-28T00:20:23.333000+00:00,BTCUSDT,70010.1,0.002,sell,2104408138
2024-03-28T00:20:23.333000+00:00,BTCUSDT,70010.0,0.032,sell,2104408139
2024-03-28T00:20:23.333000+00:00,BTCUSDT,70009.9,0.002,sell,2104408140
2024-03-28T00:20:23.333000+00:00,BTCUSDT,70009.4,0.057,sell,2104408141
2024-03-28T00:20:23.333000+00:00,BTCUSDT,70009.2,0.004,sell,2104408142
2024-03-28T00:20:23.333000+00:00,BTCUSDT,70008.8,0.003,sell,2104408143
2024-03-28T00:20:23.333000+00:00,BTCUSDT,70008.5,0.047,sell,2104408144
2024-03-28T00:20:23.333000+00:00,BTCUSDT,70008.4,0.029,sell,2104408145
2024-03-28T00:20:23.333000+00:00,BTCUSDT,70008.0,0.004,sell,2104408146
2024-03-28T00:20:23.333000+00:00,BTCUSDT,70007.8,0.059,sell,2104408147
2024-03-28T00:20:23.333000+00:00,BTCUSDT,70007.7,0.07,sell,2104408148
2024-03-28T00:20:23.333000+00:00,BTCUSDT,70007.6,0.005,sell,2104408149
2024-03-28T00:20:23.333000+00:00,BTCUSDT,70007.1,0.011,sell,2104408150
2024-03-28T00:20:23.333000+00:00,BTCUSDT,70006.8,2.059,sell,2104408151
2024-03-28T00:20:23.333000+00:00,BTCUSDT,70006.7,0.126,sell,2104408152
2024-03-28T00:20:23.333000+00:00,BTCUSDT,70006.3,0.102,sell,2104408153
2024-03-28T00:20:23.333000+00:00,BTCUSDT,70006.2,0.107,sell,2104408154
2024-03-28T00:20:23.333000+00:00,BTCUSDT,70006.1,0.58,sell,2104408155
2024-03-28T00:20:23.333000+00:00,BTCUSDT,70006.0,0.182,sell,2104408156
2024-03-28T00:20:23.333000+00:00,BTCUSDT,70005.6,0.002,sell,2104408157
2024-03-28T00:20:23.333000+00:00,BTCUSDT,70005.1,0.244,sell,2104408158
2024-03-28T00:20:23.333000+00:00,BTCUSDT,70004.2,0.003,sell,2104408159
2024-03-28T00:20:23.333000+00:00,BTCUSDT,70004.1,0.884,sell,2104408160
2024-03-28T00:20:23.333000+00:00,BTCUSDT,70004.0,1.277,sell,2104408161
2024-03-28T00:20:23.333000+00:00,BTCUSDT,70003.9,0.002,sell,2104408162
2024-03-28T00:20:23.333000+00:00,BTCUSDT,70003.6,0.236,sell,2104408163
2024-03-28T00:20:23.358000+00:00,BTCUSDT,70004.0,0.014,sell,2104408164
2024-03-28T00:20:23.367000+00:00,BTCUSDT,70004.1,0.083,buy,2104408165
2024-03-28T00:20:23.428000+00:00,BTCUSDT,70004.0,0.008,sell,2104408166
2024-03-28T00:20:23.428000+00:00,BTCUSDT,70003.8,0.071,sell,2104408167
2024-03-28T00:20:23.441000+00:00,BTCUSDT,70003.5,0.004,sell,2104408168
2024-03-28T00:20:23.441000+00:00,BTCUSDT,70002.8,0.23,sell,2104408169
2024-03-28T00:20:23.442000+00:00,BTCUSDT,70002.0,0.004,sell,2104408170
2024-03-28T00:20:23.443000+00:00,BTCUSDT,70000.5,0.147,sell,2104408171
2024-03-28T00:20:23.443000+00:00,BTCUSDT,70000.4,0.002,sell,2104408172
2024-03-28T00:20:23.443000+00:00,BTCUSDT,70000.2,0.002,sell,2104408173
2024-03-28T00:20:23.456000+00:00,BTCUSDT,70000.0,0.011,sell,2104408174
2024-03-28T00:20:23.491000+00:00,BTCUSDT,69999.8,0.016,sell,2104408175
2024-03-28T00:20:23.496000+00:00,BTCUSDT,69999.4,0.023,sell,2104408176
2024-03-28T00:20:23.501000+00:00,BTCUSDT,69999.1,2.216,sell,2104408177
2024-03-28T00:20:23.504000+00:00,BTCUSDT,69999.0,0.1,sell,2104408178
2024-03-28T00:20:23.522000+00:00,BTCUSDT,69998.4,0.036,buy,2104408179
2024-03-28T00:20:23.537000+00:00,BTCUSDT,69998.3,0.004,sell,2104408180
2024-03-28T00:20:23.570000+00:00,BTCUSDT,69998.4,0.272,buy,2104408181
2024-03-28T00:20:23.607000+00:00,BTCUSDT,69998.3,0.005,sell,2104408182
2024-03-28T00:20:23.607000+00:00,BTCUSDT,69998.2,0.083,sell,2104408183
2024-03-28T00:20:23.621000+00:00,BTCUSDT,69998.3,0.133,buy,2104408184
2024-03-28T00:20:23.763000+00:00,BTCUSDT,69998.3,0.049,buy,2104408185
2024-03-28T00:20:23.895000+00:00,BTCUSDT,69998.2,0.402,sell,2104408186
2024-03-28T00:20:23.900000+00:00,BTCUSDT,69998.3,1.0,buy,2104408187
2024-03-28T00:20:23.921000+00:00,BTCUSDT,69998.2,0.013,sell,2104408188
2024-03-28T00:20:24.030000+00:00,BTCUSDT,69998.3,1.25,buy,2104408189
2024-03-28T00:20:24.033000+00:00,BTCUSDT,69998.2,0.003,sell,2104408190
2024-03-28T00:20:24.060000+00:00,BTCUSDT,69998.3,0.012,buy,2104408191
2024-03-28T00:20:24.143000+00:00,BTCUSDT,69998.2,0.209,sell,2104408192
2024-03-28T00:20:24.166000+00:00,BTCUSDT,69998.1,0.042,sell,2104408193
2024-03-28T00:20:24.172000+00:00,BTCUSDT,69997.2,0.029,sell,2104408194
2024-03-28T00:20:24.172000+00:00,BTCUSDT,69996.8,0.222,sell,2104408195
2024-03-28T00:20:24.172000+00:00,BTCUSDT,69996.7,0.031,sell,2104408196
2024-03-28T00:20:24.172000+00:00,BTCUSDT,69996.4,0.002,sell,2104408197
2024-03-28T00:20:24.172000+00:00,BTCUSDT,69996.2,0.207,sell,2104408198
2024-03-28T00:20:24.172000+00:00,BTCUSDT,69996.0,0.002,sell,2104408199
2024-03-28T00:20:24.172000+00:00,BTCUSDT,69995.9,0.002,sell,2104408200
2024-03-28T00:20:24.172000+00:00,BTCUSDT,69995.6,0.045,sell,2104408201
2024-03-28T00:20:24.172000+00:00,BTCUSDT,69995.5,0.005,sell,2104408202
2024-03-28T00:20:24.223000+00:00,BTCUSDT,69995.4,0.02,buy,2104408203
2024-03-28T00:20:24.445000+00:00,BTCUSDT,69995.3,0.215,sell,2104408204
2024-03-28T00:20:24.573000+00:00,BTCUSDT,69995.4,10.806,buy,2104408205
2024-03-28T00:20:24.581000+00:00,BTCUSDT,69995.6,1.085,buy,2104408206
2024-03-28T00:20:24.693000+00:00,BTCUSDT,69998.2,0.012,buy,2104408207
2024-03-28T00:20:24.699000+00:00,BTCUSDT,69998.3,0.045,buy,2104408208
2024-03-28T00:20:24.720000+00:00,BTCUSDT,69998.2,0.04,sell,2104408209
2024-03-28T00:20:24.737000+00:00,BTCUSDT,69998.3,1.716,buy,2104408210
2024-03-28T00:20:24.743000+00:00,BTCUSDT,69998.6,0.074,buy,2104408211
2024-03-28T00:20:24.743000+00:00,BTCUSDT,69999.0,0.023,buy,2104408212
2024-03-28T00:20:24.743000+00:00,BTCUSDT,69999.2,0.079,buy,2104408213
2024-03-28T00:20:24.752000+00:00,BTCUSDT,69999.1,4.836,sell,2104408214
2024-03-28T00:20:24.753000+00:00,BTCUSDT,69999.0,0.325,sell,2104408215
2024-03-28T00:20:24.753000+00:00,BTCUSDT,69998.9,0.149,sell,2104408216
2024-03-28T00:20:24.753000+00:00,BTCUSDT,69998.5,0.161,sell,2104408217
2024-03-28T00:20:24.753000+00:00,BTCUSDT,69998.3,0.118,sell,2104408218
2024-03-28T00:20:24.753000+00:00,BTCUSDT,69998.2,0.515,sell,2104408219
2024-03-28T00:20:24.753000+00:00,BTCUSDT,69998.0,0.408,sell,2104408220
2024-03-28T00:20:24.753000+00:00,BTCUSDT,69997.5,0.172,sell,2104408221
2024-03-28T00:20:24.753000+00:00,BTCUSDT,69997.4,0.044,sell,2104408222
2024-03-28T00:20:24.753000+00:00,BTCUSDT,69997.3,0.004,sell,2104408223
2024-03-28T00:20:24.753000+00:00,BTCUSDT,69996.8,0.186,sell,2104408224
2024-03-28T00:20:24.753000+00:00,BTCUSDT,69996.0,0.002,sell,2104408225
2024-03-28T00:20:24.753000+00:00,BTCUSDT,69995.4,0.002,sell,2104408226
2024-03-28T00:20:24.753000+00:00,BTCUSDT,69995.3,0.383,sell,2104408227
2024-03-28T00:20:24.755000+00:00,BTCUSDT,69995.0,0.229,sell,2104408228
2024-03-28T00:20:24.755000+00:00,BTCUSDT,69994.7,2.07,sell,2104408229
2024-03-28T00:20:24.763000+00:00,BTCUSDT,69994.3,0.004,sell,2104408230
2024-03-28T00:20:24.763000+00:00,BTCUSDT,69994.2,0.019,sell,2104408231
2024-03-28T00:20:24.763000+00:00,BTCUSDT,69994.1,0.002,sell,2104408232
2024-03-28T00:20:24.763000+00:00,BTCUSDT,69994.0,0.005,sell,2104408233
2024-03-28T00:20:24.763000+00:00,BTCUSDT,69993.3,0.01,sell,2104408234
2024-03-28T00:20:24.763000+00:00,BTCUSDT,69993.2,0.273,sell,2104408235
2024-03-28T00:20:24.765000+00:00,BTCUSDT,69993.0,0.002,sell,2104408236
2024-03-28T00:20:24.765000+00:00,BTCUSDT,69992.9,0.163,sell,2104408237
2024-03-28T00:20:24.765000+00:00,BTCUSDT,69992.8,0.048,sell,2104408238
2024-03-28T00:20:24.765000+00:00,BTCUSDT,69992.5,0.404,sell,2104408239
2024-03-28T00:20:24.765000+00:00,BTCUSDT,69992.1,0.06,sell,2104408240
2024-03-28T00:20:24.765000+00:00,BTCUSDT,69992.0,0.006,sell,2104408241
2024-03-28T00:20:24.765000+00:00,BTCUSDT,69991.8,0.31,sell,2104408242
2024-03-28T00:20:24.768000+00:00,BTCUSDT,69991.6,0.002,sell,2104408243
2024-03-28T00:20:24.768000+00:00,BTCUSDT,69991.5,0.346,sell,2104408244
2024-03-28T00:20:24.775000+00:00,BTCUSDT,69991.2,0.003,sell,2104408245
2024-03-28T00:20:24.775000+00:00,BTCUSDT,69990.9,0.004,sell,2104408246
2024-03-28T00:20:24.775000+00:00,BTCUSDT,69990.7,0.154,sell,2104408247
2024-03-28T00:20:24.779000+00:00,BTCUSDT,69990.5,0.057,sell,2104408248
2024-03-28T00:20:24.779000+00:00,BTCUSDT,69990.0,0.004,sell,2104408249
2024-03-28T00:20:24.779000+00:00,BTCUSDT,69989.8,0.029,sell,2104408250
2024-03-28T00:20:24.779000+00:00,BTCUSDT,69989.7,0.002,sell,2104408251
2024-03-28T00:20:24.779000+00:00,BTCUSDT,69989.4,0.002,sell,2104408252
2024-03-28T00:20:24.779000+00:00,BTCUSDT,69988.8,0.002,sell,2104408253
2024-03-28T00:20:24.779000+00:00,BTCUSDT,69988.7,0.002,sell,2104408254
2024-03-28T00:20:24.779000+00:00,BTCUSDT,69988.5,0.202,sell,2104408255
2024-03-28T00:20:24.805000+00:00,BTCUSDT,69988.4,0.092,sell,2104408256
2024-03-28T00:20:24.849000+00:00,BTCUSDT,69988.0,0.209,sell,2104408257
2024-03-28T00:20:24.876000+00:00,BTCUSDT,69987.4,0.047,sell,2104408258
2024-03-28T00:20:24.876000+00:00,BTCUSDT,69987.0,0.069,sell,2104408259
2024-03-28T00:20:24.896000+00:00,BTCUSDT,69987.1,0.367,buy,2104408260
2024-03-28T00:20:24.913000+00:00,BTCUSDT,69987.0,0.555,sell,2104408261
2024-03-28T00:20:24.945000+00:00,BTCUSDT,69986.6,0.002,sell,2104408262
2024-03-28T00:20:24.945000+00:00,BTCUSDT,69986.4,0.033,sell,2104408263
2024-03-28T00:20:24.951000+00:00,BTCUSDT,69986.1,0.002,sell,2104408264
2024-03-28T00:20:24.951000+00:00,BTCUSDT,69986.0,0.002,sell,2104408265
2024-03-28T00:20:24.951000+00:00,BTCUSDT,69985.7,0.012,sell,2104408266
2024-03-28T00:20:24.951000+00:00,BTCUSDT,69984.9,0.003,sell,2104408267
2024-03-28T00:20:24.951000+00:00,BTCUSDT,69984.6,0.002,sell,2104408268
2024-03-28T00:20:24.951000+00:00,BTCUSDT,69984.2,0.002,sell,2104408269
2024-03-28T00:20:24.951000+00:00,BTCUSDT,69984.0,0.488,sell,2104408270
2024-03-28T00:20:24.951000+00:00,BTCUSDT,69983.4,0.035,sell,2104408271
2024-03-28T00:20:24.952000+00:00,BTCUSDT,69982.7,0.002,sell,2104408272
2024-03-28T00:20:24.952000+00:00,BTCUSDT,69982.5,0.004,sell,2104408273
2024-03-28T00:20:24.952000+00:00,BTCUSDT,69982.3,0.002,sell,2104408274
2024-03-28T00:20:24.952000+00:00,BTCUSDT,69982.2,0.207,sell,2104408275
2024-03-28T00:20:24.952000+00:00,BTCUSDT,69982.1,0.002,sell,2104408276
2024-03-28T00:20:24.952000+00:00,BTCUSDT,69982.0,0.002,sell,2104408277
2024-03-28T00:20:24.952000+00:00,BTCUSDT,69981.7,0.242,sell,2104408278
2024-03-28T00:20:24.953000+00:00,BTCUSDT,69981.6,0.349,sell,2104408279
2024-03-28T00:20:24.965000+00:00,BTCUSDT,69981.1,0.004,sell,2104408280
2024-03-28T00:20:24.965000+00:00,BTCUSDT,69980.8,0.003,sell,2104408281
2024-03-28T00:20:24.986000+00:00,BTCUSDT,69980.9,0.135,buy,2104408282
2024-03-28T00:20:25.002000+00:00,BTCUSDT,69980.6,0.025,buy,2104408283
2024-03-28T00:20:25.002000+00:00,BTCUSDT,69980.5,0.002,sell,2104408284
2024-03-28T00:20:25.021000+00:00,BTCUSDT,69980.0,0.008,sell,2104408285
2024-03-28T00:20:25.034000+00:00,BTCUSDT,69980.1,1.3,buy,2104408286
2024-03-28T00:20:25.098000+00:00,BTCUSDT,69980.0,0.2,sell,2104408287
2024-03-28T00:20:25.153000+00:00,BTCUSDT,69980.1,0.017,buy,2104408288
2024-03-28T00:20:25.179000+00:00,BTCUSDT,69980.0,0.218,sell,2104408289
2024-03-28T00:20:25.283000+00:00,BTCUSDT,69980.0,0.041,sell,2104408290
2024-03-28T00:20:25.304000+00:00,BTCUSDT,69980.1,0.023,buy,2104408291
2024-03-28T00:20:25.319000+00:00,BTCUSDT,69980.0,0.07,sell,2104408292
2024-03-28T00:20:25.350000+00:00,BTCUSDT,69980.1,0.019,buy,2104408293
2024-03-28T00:20:25.405000+00:00,BTCUSDT,69980.0,5.65,sell,2104408294
2024-03-28T00:20:25.412000+00:00,BTCUSDT,69980.1,0.004,buy,2104408295
2024-03-28T00:20:25.412000+00:00,BTCUSDT,69980.0,0.337,sell,2104408296
2024-03-28T00:20:25.416000+00:00,BTCUSDT,69979.4,0.012,sell,2104408297
2024-03-28T00:20:25.416000+00:00,BTCUSDT,69978.8,0.002,sell,2104408298
2024-03-28T00:20:25.416000+00:00,BTCUSDT,69978.5,0.002,sell,2104408299
2024-03-28T00:20:25.416000+00:00,BTCUSDT,69978.2,0.008,sell,2104408300
2024-03-28T00:20:25.416000+00:00,BTCUSDT,69978.0,0.13,sell,2104408301
2024-03-28T00:20:25.467000+00:00,BTCUSDT,69978.1,1.0,buy,2104408302
2024-03-28T00:20:25.482000+00:00,BTCUSDT,69978.0,0.05,sell,2104408303
2024-03-28T00:20:25.510000+00:00,BTCUSDT,69978.1,1.185,buy,2104408304
2024-03-28T00:20:25.614000+00:00,BTCUSDT,69978.1,0.009,buy,2104408305
2024-03-28T00:20:25.711000+00:00,BTCUSDT,69978.0,0.198,sell,2104408306
2024-03-28T00:20:25.818000+00:00,BTCUSDT,69978.0,0.005,sell,2104408307
2024-03-28T00:20:25.825000+00:00,BTCUSDT,69978.1,0.225,buy,2104408308
2024-03-28T00:20:25.836000+00:00,BTCUSDT,69978.0,0.03,sell,2104408309
2024-03-28T00:20:25.863000+00:00,BTCUSDT,69978.1,1.01,buy,2104408310
2024-03-28T00:20:25.953000+00:00,BTCUSDT,69978.0,2.033,sell,2104408311
2024-03-28T00:20:26.006000+00:00,BTCUSDT,69978.1,0.143,buy,2104408312
2024-03-28T00:20:26.120000+00:00,BTCUSDT,69978.1,0.002,buy,2104408313
2024-03-28T00:20:26.126000+00:00,BTCUSDT,69978.0,0.029,sell,2104408314
2024-03-28T00:20:26.213000+00:00,BTCUSDT,69978.1,0.368,buy,2104408315
2024-03-28T00:20:26.396000+00:00,BTCUSDT,69978.1,0.031,buy,2104408316
2024-03-28T00:20:26.564000+00:00,BTCUSDT,69978.1,0.748,buy,2104408317
2024-03-28T00:20:26.665000+00:00,BTCUSDT,69978.0,0.778,sell,2104408318
2024-03-28T00:20:26.707000+00:00,BTCUSDT,69978.1,0.032,buy,2104408319
2024-03-28T00:20:26.846000+00:00,BTCUSDT,69978.0,5.183,sell,2104408320
2024-03-28T00:20:26.927000+00:00,BTCUSDT,69976.9,0.002,sell,2104408321
2024-03-28T00:20:26.927000+00:00,BTCUSDT,69976.3,0.002,sell,2104408322
2024-03-28T00:20:26.927000+00:00,BTCUSDT,69976.0,0.005,sell,2104408323
2024-03-28T00:20:26.927000+00:00,BTCUSDT,69975.4,0.002,sell,2104408324
2024-03-28T00:20:26.927000+00:00,BTCUSDT,69975.0,0.006,sell,2104408325
2024-03-28T00:20:26.927000+00:00,BTCUSDT,69974.5,0.172,sell,2104408326
2024-03-28T00:20:27.162000+00:00,BTCUSDT,69973.6,0.044,sell,2104408327
2024-03-28T00:20:27.167000+00:00,BTCUSDT,69973.1,0.009,sell,2104408328
2024-03-28T00:20:27.292000+00:00,BTCUSDT,69972.9,0.004,sell,2104408329
2024-03-28T00:20:27.292000+00:00,BTCUSDT,69972.6,0.002,sell,2104408330
2024-03-28T00:20:27.292000+00:00,BTCUSDT,69972.4,0.002,sell,2104408331
2024-03-28T00:20:27.292000+00:00,BTCUSDT,69972.2,0.002,sell,2104408332
2024-03-28T00:20:27.292000+00:00,BTCUSDT,69972.1,0.002,sell,2104408333
2024-03-28T00:20:27.292000+00:00,BTCUSDT,69972.0,0.466,sell,2104408334
2024-03-28T00:20:27.292000+00:00,BTCUSDT,69971.4,0.002,sell,2104408335
2024-03-28T00:20:27.292000+00:00,BTCUSDT,69971.1,0.52,sell,2104408336
2024-03-28T00:20:27.303000+00:00,BTCUSDT,69970.5,0.002,sell,2104408337
2024-03-28T00:20:27.303000+00:00,BTCUSDT,69970.3,0.004,sell,2104408338
2024-03-28T00:20:27.303000+00:00,BTCUSDT,69970.0,0.822,sell,2104408339
2024-03-28T00:20:27.317000+00:00,BTCUSDT,69969.9,0.087,sell,2104408340
2024-03-28T00:20:27.365000+00:00,BTCUSDT,69969.2,0.475,sell,2104408341
2024-03-28T00:20:27.427000+00:00,BTCUSDT,69969.3,0.01,buy,2104408342
2024-03-28T00:20:27.452000+00:00,BTCUSDT,69969.2,0.006,sell,2104408343
2024-03-28T00:20:27.572000+00:00,BTCUSDT,69969.3,0.173,buy,2104408344
2024-03-28T00:20:27.587000+00:00,BTCUSDT,69969.2,0.098,sell,2104408345
2024-03-28T00:20:27.598000+00:00,BTCUSDT,69969.3,0.029,buy,2104408346
2024-03-28T00:20:27.658000+00:00,BTCUSDT,69969.2,0.036,sell,2104408347
2024-03-28T00:20:27.678000+00:00,BTCUSDT,69969.3,0.013,buy,2104408348
2024-03-28T00:20:27.701000+00:00,BTCUSDT,69969.2,0.998,sell,2104408349
2024-03-28T00:20:27.701000+00:00,BTCUSDT,69968.9,0.002,sell,2104408350
2024-03-28T00:20:27.701000+00:00,BTCUSDT,69968.6,0.03,sell,2104408351
2024-03-28T00:20:27.819000+00:00,BTCUSDT,69968.7,0.005,buy,2104408352
2024-03-28T00:20:27.854000+00:00,BTCUSDT,69968.6,0.032,sell,2104408353
2024-03-28T00:20:27.871000+00:00,BTCUSDT,69968.7,0.176,buy,2104408354
2024-03-28T00:20:27.900000+00:00,BTCUSDT,69968.6,0.794,sell,2104408355
2024-03-28T00:20:28.031000+00:00,BTCUSDT,69968.6,0.008,sell,2104408356
2024-03-28T00:20:28.063000+00:00,BTCUSDT,69968.7,0.014,buy,2104408357
2024-03-28T00:20:28.079000+00:00,BTCUSDT,69968.6,1.538,sell,2104408358
2024-03-28T00:20:28.209000+00:00,BTCUSDT,69968.7,2.951,buy,2104408359
2024-03-28T00:20:28.209000+00:00,BTCUSDT,69969.1,0.005,buy,2104408360
2024-03-28T00:20:28.209000+00:00,BTCUSDT,69969.2,0.344,buy,2104408361
2024-03-28T00:20:28.209000+00:00,BTCUSDT,69969.3,0.121,buy,2104408362
2024-03-28T00:20:28.209000+00:00,BTCUSDT,69969.4,0.007,buy,2104408363
2024-03-28T00:20:28.209000+00:00,BTCUSDT,69969.6,0.02,buy,2104408364
2024-03-28T00:20:28.209000+00:00,BTCUSDT,69969.8,0.002,buy,2104408365
2024-03-28T00:20:28.209000+00:00,BTCUSDT,69970.0,0.86,buy,2104408366
2024-03-28T00:20:28.209000+00:00,BTCUSDT,69970.4,0.003,buy,2104408367
2024-03-28T00:20:28.209000+00:00,BTCUSDT,69971.0,0.067,buy,2104408368
2024-03-28T00:20:28.209000+00:00,BTCUSDT,69971.5,0.045,buy,2104408369
2024-03-28T00:20:28.209000+00:00,BTCUSDT,69971.6,0.032,buy,2104408370
2024-03-28T00:20:28.209000+00:00,BTCUSDT,69972.0,0.057,buy,2104408371
2024-03-28T00:20:28.209000+00:00,BTCUSDT,69972.6,0.057,buy,2104408372
2024-03-28T00:20:28.209000+00:00,BTCUSDT,69972.8,0.003,buy,2104408373
2024-03-28T00:20:28.209000+00:00,BTCUSDT,69973.0,0.01,buy,2104408374
2024-03-28T00:20:28.209000+00:00,BTCUSDT,69973.1,0.002,buy,2104408375
2024-03-28T00:20:28.209000+00:00,BTCUSDT,69973.2,0.031,buy,2104408376
2024-03-28T00:20:28.209000+00:00,BTCUSDT,69973.4,0.08,buy,2104408377
2024-03-28T00:20:28.209000+00:00,BTCUSDT,69973.6,0.003,buy,2104408378
2024-03-28T00:20:28.209000+00:00,BTCUSDT,69973.9,0.062,buy,2104408379
2024-03-28T00:20:28.209000+00:00,BTCUSDT,69974.0,0.015,buy,2104408380
2024-03-28T00:20:28.209000+00:00,BTCUSDT,69974.2,0.057,buy,2104408381
2024-03-28T00:20:28.209000+00:00,BTCUSDT,69974.6,0.243,buy,2104408382
2024-03-28T00:20:28.310000+00:00,BTCUSDT,69974.6,0.039,buy,2104408383
2024-03-28T00:20:28.326000+00:00,BTCUSDT,69974.5,1.0,sell,2104408384
2024-03-28T00:20:28.437000+00:00,BTCUSDT,69974.5,0.1,sell,2104408385
2024-03-28T00:20:28.514000+00:00,BTCUSDT,69974.6,0.062,buy,2104408386
2024-03-28T00:20:28.605000+00:00,BTCUSDT,69974.5,0.009,sell,2104408387
2024-03-28T00:20:28.622000+00:00,BTCUSDT,69972.0,0.004,sell,2104408388
2024-03-28T00:20:28.622000+00:00,BTCUSDT,69971.6,0.002,sell,2104408389
2024-03-28T00:20:28.627000+00:00,BTCUSDT,69969.9,2.08,sell,2104408390
2024-03-28T00:20:28.672000+00:00,BTCUSDT,69968.7,0.003,buy,2104408391
2024-03-28T00:20:28.762000+00:00,BTCUSDT,69968.6,0.003,sell,2104408392
2024-03-28T00:20:28.796000+00:00,BTCUSDT,69968.7,0.005,buy,2104408393
2024-03-28T00:20:28.903000+00:00,BTCUSDT,69968.6,0.009,sell,2104408394
2024-03-28T00:20:28.906000+00:00,BTCUSDT,69968.0,0.002,sell,2104408395
2024-03-28T00:20:28.906000+00:00,BTCUSDT,69967.6,0.004,sell,2104408396
2024-03-28T00:20:28.922000+00:00,BTCUSDT,69967.4,0.005,sell,2104408397
2024-03-28T00:20:28.922000+00:00,BTCUSDT,69966.3,0.002,sell,2104408398
2024-03-28T00:20:28.922000+00:00,BTCUSDT,69966.0,0.002,sell,2104408399
2024-03-28T00:20:28.922000+00:00,BTCUSDT,69965.8,0.002,sell,2104408400
2024-03-28T00:20:28.922000+00:00,BTCUSDT,69965.7,0.002,sell,2104408401
2024-03-28T00:20:29.078000+00:00,BTCUSDT,69965.2,0.05,sell,2104408402
2024-03-28T00:20:29.190000+00:00,BTCUSDT,69965.3,1.146,buy,2104408403
2024-03-28T00:20:29.225000+00:00,BTCUSDT,69966.0,0.01,buy,2104408404
2024-03-28T00:20:29.225000+00:00,BTCUSDT,69966.8,0.003,buy,2104408405
2024-03-28T00:20:29.231000+00:00,BTCUSDT,69967.3,0.002,buy,2104408406
2024-03-28T00:20:29.231000+00:00,BTCUSDT,69967.7,0.002,buy,2104408407
2024-03-28T00:20:29.231000+00:00,BTCUSDT,69967.9,0.044,buy,2104408408
2024-03-28T00:20:29.234000+00:00,BTCUSDT,69968.0,0.063,buy,2104408409
2024-03-28T00:20:29.234000+00:00,BTCUSDT,69968.7,0.027,buy,2104408410
2024-03-28T00:20:29.234000+00:00,BTCUSDT,69969.0,0.01,buy,2104408411
2024-03-28T00:20:29.234000+00:00,BTCUSDT,69969.1,0.002,buy,2104408412
2024-03-28T00:20:29.236000+00:00,BTCUSDT,69969.2,0.005,buy,2104408413
2024-03-28T00:20:29.236000+00:00,BTCUSDT,69969.7,0.005,buy,2104408414
2024-03-28T00:20:29.236000+00:00,BTCUSDT,69970.0,0.005,buy,2104408415
2024-03-28T00:20:29.250000+00:00,BTCUSDT,69971.0,0.003,buy,2104408416
2024-03-28T00:20:29.325000+00:00,BTCUSDT,69970.9,0.886,sell,2104408417
2024-03-28T00:20:29.335000+00:00,BTCUSDT,69971.0,0.033,buy,2104408418
2024-03-28T00:20:29.355000+00:00,BTCUSDT,69971.9,0.004,buy,2104408419
2024-03-28T00:20:29.355000+00:00,BTCUSDT,69972.0,0.012,buy,2104408420
2024-03-28T00:20:29.371000+00:00,BTCUSDT,69973.0,0.002,buy,2104408421
2024-03-28T00:20:29.424000+00:00,BTCUSDT,69974.6,0.119,buy,2104408422
2024-03-28T00:20:29.424000+00:00,BTCUSDT,69975.0,0.01,buy,2104408423
2024-03-28T00:20:29.424000+00:00,BTCUSDT,69975.4,0.157,buy,2104408424
2024-03-28T00:20:29.430000+00:00,BTCUSDT,69976.0,0.002,buy,2104408425
2024-03-28T00:20:29.519000+00:00,BTCUSDT,69976.8,0.014,sell,2104408426
2024-03-28T00:20:29.535000+00:00,BTCUSDT,69976.9,0.015,buy,2104408427
2024-03-28T00:20:29.576000+00:00,BTCUSDT,69976.8,0.044,sell,2104408428
2024-03-28T00:20:29.717000+00:00,BTCUSDT,69976.9,0.376,buy,2104408429
2024-03-28T00:20:29.733000+00:00,BTCUSDT,69976.8,0.093,sell,2104408430
2024-03-28T00:20:29.761000+00:00,BTCUSDT,69976.9,0.002,buy,2104408431
2024-03-28T00:20:29.768000+00:00,BTCUSDT,69976.8,0.009,sell,2104408432
2024-03-28T00:20:29.923000+00:00,BTCUSDT,69976.8,0.017,sell,2104408433
2024-03-28T00:20:30.207000+00:00,BTCUSDT,69976.9,0.04,buy,2104408434
2024-03-28T00:20:30.233000+00:00,BTCUSDT,69976.8,0.016,sell,2104408435
2024-03-28T00:20:30.386000+00:00,BTCUSDT,69976.8,0.023,sell,2104408436
2024-03-28T00:20:30.392000+00:00,BTCUSDT,69976.9,0.01,buy,2104408437
2024-03-28T00:20:30.597000+00:00,BTCUSDT,69976.9,0.205,buy,2104408438
2024-03-28T00:20:30.676000+00:00,BTCUSDT,69976.8,0.024,sell,2104408439
2024-03-28T00:20:30.685000+00:00,BTCUSDT,69976.9,1.875,buy,2104408440
2024-03-28T00:20:30.686000+00:00,BTCUSDT,69977.6,0.005,buy,2104408441
2024-03-28T00:20:30.686000+00:00,BTCUSDT,69978.0,0.124,buy,2104408442
2024-03-28T00:20:30.716000+00:00,BTCUSDT,69978.1,0.036,buy,2104408443
2024-03-28T00:20:30.820000+00:00,BTCUSDT,69978.1,1.05,buy,2104408444
2024-03-28T00:20:30.820000+00:00,BTCUSDT,69978.9,0.002,buy,2104408445
2024-03-28T00:20:30.820000+00:00,BTCUSDT,69979.0,0.01,buy,2104408446
2024-03-28T00:20:30.820000+00:00,BTCUSDT,69979.3,0.02,buy,2104408447
2024-03-28T00:20:30.820000+00:00,BTCUSDT,69979.7,0.05,buy,2104408448
2024-03-28T00:20:30.820000+00:00,BTCUSDT,69980.0,0.056,buy,2104408449
2024-03-28T00:20:30.820000+00:00,BTCUSDT,69980.3,0.04,buy,2104408450
2024-03-28T00:20:30.820000+00:00,BTCUSDT,69980.4,0.002,buy,2104408451
2024-03-28T00:20:30.820000+00:00,BTCUSDT,69981.0,0.009,buy,2104408452
2024-03-28T00:20:30.820000+00:00,BTCUSDT,69981.1,0.002,buy,2104408453
2024-03-28T00:20:30.820000+00:00,BTCUSDT,69981.5,0.104,buy,2104408454
2024-03-28T00:20:30.820000+00:00,BTCUSDT,69981.6,0.044,buy,2104408455
2024-03-28T00:20:30.820000+00:00,BTCUSDT,69982.0,0.088,buy,2104408456
2024-03-28T00:20:30.820000+00:00,BTCUSDT,69982.5,0.002,buy,2104408457
2024-03-28T00:20:30.820000+00:00,BTCUSDT,69982.6,0.004,buy,2104408458
2024-03-28T00:20:30.820000+00:00,BTCUSDT,69982.9,0.006,buy,2104408459
2024-03-28T00:20:30.820000+00:00,BTCUSDT,69983.0,0.008,buy,2104408460
2024-03-28T00:20:30.820000+00:00,BTCUSDT,69983.1,0.007,buy,2104408461
2024-03-28T00:20:30.820000+00:00,BTCUSDT,69983.6,0.011,buy,2104408462
2024-03-28T00:20:30.820000+00:00,BTCUSDT,69983.7,0.047,buy,2104408463
2024-03-28T00:20:30.820000+00:00,BTCUSDT,69983.8,0.071,buy,2104408464
2024-03-28T00:20:30.820000+00:00,BTCUSDT,69984.0,0.086,buy,2104408465
2024-03-28T00:20:30.820000+00:00,BTCUSDT,69984.1,0.004,buy,2104408466
2024-03-28T00:20:30.820000+00:00,BTCUSDT,69984.3,0.165,buy,2104408467
2024-03-28T00:20:30.820000+00:00,BTCUSDT,69984.4,0.031,buy,2104408468
2024-03-28T00:20:30.820000+00:00,BTCUSDT,69984.6,0.044,buy,2104408469
2024-03-28T00:20:30.820000+00:00,BTCUSDT,69984.8,0.002,buy,2104408470
2024-03-28T00:20:30.820000+00:00,BTCUSDT,69985.0,0.013,buy,2104408471
2024-03-28T00:20:30.820000+00:00,BTCUSDT,69985.1,0.084,buy,2104408472
2024-03-28T00:20:30.820000+00:00,BTCUSDT,69985.3,0.006,buy,2104408473
2024-03-28T00:20:30.820000+00:00,BTCUSDT,69985.4,0.057,buy,2104408474
2024-03-28T00:20:30.820000+00:00,BTCUSDT,69985.6,0.002,buy,2104408475
2024-03-28T00:20:30.820000+00:00,BTCUSDT,69985.7,0.015,buy,2104408476
2024-03-28T00:20:30.820000+00:00,BTCUSDT,69986.0,0.041,buy,2104408477
2024-03-28T00:20:30.820000+00:00,BTCUSDT,69986.3,0.004,buy,2104408478
2024-03-28T00:20:30.820000+00:00,BTCUSDT,69986.5,0.007,buy,2104408479
2024-03-28T00:20:30.820000+00:00,BTCUSDT,69986.7,0.004,buy,2104408480
2024-03-28T00:20:30.820000+00:00,BTCUSDT,69986.9,0.004,buy,2104408481
2024-03-28T00:20:30.820000+00:00,BTCUSDT,69987.0,0.069,buy,2104408482
2024-03-28T00:20:30.820000+00:00,BTCUSDT,69987.2,0.105,buy,2104408483
2024-03-28T00:20:30.820000+00:00,BTCUSDT,69987.3,0.24,buy,2104408484
2024-03-28T00:20:30.820000+00:00,BTCUSDT,69987.5,0.014,buy,2104408485
2024-03-28T00:20:30.820000+00:00,BTCUSDT,69987.6,0.004,buy,2104408486
2024-03-28T00:20:30.820000+00:00,BTCUSDT,69987.8,0.01,buy,2104408487
2024-03-28T00:20:30.820000+00:00,BTCUSDT,69987.9,0.861,buy,2104408488
2024-03-28T00:20:30.820000+00:00,BTCUSDT,69988.0,0.187,buy,2104408489
2024-03-28T00:20:30.824000+00:00,BTCUSDT,69987.7,0.06,sell,2104408490
2024-03-28T00:20:30.840000+00:00,BTCUSDT,69987.8,0.036,buy,2104408491
2024-03-28T00:20:30.857000+00:00,BTCUSDT,69987.7,0.406,sell,2104408492
2024-03-28T00:20:30.892000+00:00,BTCUSDT,69985.6,0.004,sell,2104408493
2024-03-28T00:20:30.892000+00:00,BTCUSDT,69985.4,0.057,sell,2104408494
2024-03-28T00:20:30.892000+00:00,BTCUSDT,69984.5,0.01,sell,2104408495
2024-03-28T00:20:30.892000+00:00,BTCUSDT,69984.4,0.029,sell,2104408496
2024-03-28T00:20:30.971000+00:00,BTCUSDT,69984.0,0.025,buy,2104408497
2024-03-28T00:20:31.085000+00:00,BTCUSDT,69984.0,0.006,buy,2104408498
2024-03-28T00:20:31.181000+00:00,BTCUSDT,69983.9,0.597,sell,2104408499
2024-03-28T00:20:31.181000+00:00,BTCUSDT,69983.8,0.057,sell,2104408500
2024-03-28T00:20:31.181000+00:00,BTCUSDT,69983.6,0.003,sell,2104408501
2024-03-28T00:20:31.181000+00:00,BTCUSDT,69982.8,0.029,sell,2104408502
2024-03-28T00:20:31.181000+00:00,BTCUSDT,69982.5,0.002,sell,2104408503
2024-03-28T00:20:31.181000+00:00,BTCUSDT,69982.4,0.003,sell,2104408504
2024-03-28T00:20:31.181000+00:00,BTCUSDT,69982.2,0.057,sell,2104408505
2024-03-28T00:20:31.181000+00:00,BTCUSDT,69982.0,0.002,sell,2104408506
2024-03-28T00:20:31.181000+00:00,BTCUSDT,69980.2,0.002,sell,2104408507
2024-03-28T00:20:31.181000+00:00,BTCUSDT,69979.5,0.1,sell,2104408508
2024-03-28T00:20:31.181000+00:00,BTCUSDT,69979.3,0.613,sell,2104408509
2024-03-28T00:20:31.181000+00:00,BTCUSDT,69978.9,0.45,sell,2104408510
2024-03-28T00:20:31.181000+00:00,BTCUSDT,69978.7,0.685,sell,2104408511
2024-03-28T00:20:31.181000+00:00,BTCUSDT,69978.5,0.407,sell,2104408512
2024-03-28T00:20:31.181000+00:00,BTCUSDT,69978.4,0.705,sell,2104408513
2024-03-28T00:20:31.181000+00:00,BTCUSDT,69978.3,0.712,sell,2104408514
2024-03-28T00:20:31.181000+00:00,BTCUSDT,69978.2,0.106,sell,2104408515
2024-03-28T00:20:31.204000+00:00,BTCUSDT,69978.1,0.152,sell,2104408516
2024-03-28T00:20:31.204000+00:00,BTCUSDT,69978.0,0.181,sell,2104408517
2024-03-28T00:20:31.204000+00:00,BTCUSDT,69977.6,0.003,sell,2104408518
2024-03-28T00:20:31.204000+00:00,BTCUSDT,69977.4,0.057,sell,2104408519
2024-03-28T00:20:31.204000+00:00,BTCUSDT,69977.0,0.1,sell,2104408520
2024-03-28T00:20:31.204000+00:00,BTCUSDT,69976.8,1.728,sell,2104408521
2024-03-28T00:20:31.204000+00:00,BTCUSDT,69976.4,0.034,sell,2104408522
2024-03-28T00:20:31.204000+00:00,BTCUSDT,69976.0,0.287,sell,2104408523
2024-03-28T00:20:31.204000+00:00,BTCUSDT,69975.9,0.023,sell,2104408524
2024-03-28T00:20:31.204000+00:00,BTCUSDT,69975.8,0.057,sell,2104408525
2024-03-28T00:20:31.204000+00:00,BTCUSDT,69975.4,0.324,sell,2104408526
2024-03-28T00:20:31.204000+00:00,BTCUSDT,69975.2,0.003,sell,2104408527
2024-03-28T00:20:31.204000+00:00,BTCUSDT,69975.1,0.004,sell,2104408528
2024-03-28T00:20:31.204000+00:00,BTCUSDT,69974.8,0.029,sell,2104408529
2024-03-28T00:20:31.204000+00:00,BTCUSDT,69974.6,0.1,sell,2104408530
2024-03-28T00:20:31.204000+00:00,BTCUSDT,69974.5,0.002,sell,2104408531
2024-03-28T00:20:31.204000+00:00,BTCUSDT,69974.4,0.002,sell,2104408532
2024-03-28T00:20:31.204000+00:00,BTCUSDT,69974.2,0.057,sell,2104408533
2024-03-28T00:20:31.204000+00:00,BTCUSDT,69974.1,0.002,sell,2104408534
2024-03-28T00:20:31.204000+00:00,BTCUSDT,69974.0,0.079,sell,2104408535
2024-03-28T00:20:31.204000+00:00,BTCUSDT,69973.7,0.259,sell,2104408536
2024-03-28T00:20:31.266000+00:00,BTCUSDT,69973.8,0.113,buy,2104408537
2024-03-28T00:20:31.442000+00:00,BTCUSDT,69973.8,0.075,buy,2104408538
2024-03-28T00:20:31.482000+00:00,BTCUSDT,69973.7,0.002,sell,2104408539
2024-03-28T00:20:31.625000+00:00,BTCUSDT,69973.8,0.002,buy,2104408540
2024-03-28T00:20:31.751000+00:00,BTCUSDT,69973.7,0.166,sell,2104408541
2024-03-28T00:20:31.875000+00:00,BTCUSDT,69973.7,0.2,sell,2104408542
2024-03-28T00:20:32.165000+00:00,BTCUSDT,69973.8,0.091,buy,2104408543
2024-03-28T00:20:32.189000+00:00,BTCUSDT,69973.7,0.005,sell,2104408544
2024-03-28T00:20:32.312000+00:00,BTCUSDT,69973.7,0.014,sell,2104408545
2024-03-28T00:20:32.313000+00:00,BTCUSDT,69973.8,0.002,buy,2104408546
2024-03-28T00:20:32.320000+00:00,BTCUSDT,69973.7,0.061,sell,2104408547
2024-03-28T00:20:32.364000+00:00,BTCUSDT,69973.8,0.161,buy,2104408548
2024-03-28T00:20:32.378000+00:00,BTCUSDT,69973.7,0.004,sell,2104408549
2024-03-28T00:20:32.378000+00:00,BTCUSDT,69973.8,0.067,buy,2104408550
2024-03-28T00:20:32.475000+00:00,BTCUSDT,69973.7,0.027,sell,2104408551
2024-03-28T00:20:32.577000+00:00,BTCUSDT,69973.7,0.178,sell,2104408552
2024-03-28T00:20:32.680000+00:00,BTCUSDT,69973.7,0.019,sell,2104408553
2024-03-28T00:20:32.747000+00:00,BTCUSDT,69973.8,0.04,buy,2104408554
2024-03-28T00:20:32.842000+00:00,BTCUSDT,69973.7,0.004,sell,2104408555
2024-03-28T00:20:32.914000+00:00,BTCUSDT,69973.8,0.053,buy,2104408556
2024-03-28T00:20:32.939000+00:00,BTCUSDT,69973.7,0.021,sell,2104408557
2024-03-28T00:20:33.039000+00:00,BTCUSDT,69973.8,0.258,buy,2104408558
2024-03-28T00:20:33.134000+00:00,BTCUSDT,69974.5,0.005,buy,2104408559
2024-03-28T00:20:33.134000+00:00,BTCUSDT,69975.0,0.123,buy,2104408560
2024-03-28T00:20:33.135000+00:00,BTCUSDT,69976.0,0.01,buy,2104408561
2024-03-28T00:20:33.135000+00:00,BTCUSDT,69976.7,0.328,buy,2104408562
2024-03-28T00:20:33.135000+00:00,BTCUSDT,69976.9,0.008,buy,2104408563
2024-03-28T00:20:33.135000+00:00,BTCUSDT,69977.0,0.01,buy,2104408564
2024-03-28T00:20:33.137000+00:00,BTCUSDT,69977.5,0.044,buy,2104408565
2024-03-28T00:20:33.137000+00:00,BTCUSDT,69977.6,0.004,buy,2104408566
2024-03-28T00:20:33.160000+00:00,BTCUSDT,69977.8,0.086,sell,2104408567
2024-03-28T00:20:33.160000+00:00,BTCUSDT,69977.9,0.002,buy,2104408568
2024-03-28T00:20:33.160000+00:00,BTCUSDT,69978.0,0.002,buy,2104408569
2024-03-28T00:20:33.174000+00:00,BTCUSDT,69978.9,0.078,sell,2104408570
2024-03-28T00:20:33.224000+00:00,BTCUSDT,69980.0,0.083,buy,2104408571
2024-03-28T00:20:33.331000+00:00,BTCUSDT,69979.9,0.003,sell,2104408572
2024-03-28T00:20:33.452000+00:00,BTCUSDT,69980.0,0.7,buy,2104408573
2024-03-28T00:20:33.540000+00:00,BTCUSDT,69980.1,0.025,buy,2104408574
2024-03-28T00:20:33.665000+00:00,BTCUSDT,69980.0,1.749,sell,2104408575
2024-03-28T00:20:33.764000+00:00,BTCUSDT,69979.9,1.186,sell,2104408576
2024-03-28T00:20:33.764000+00:00,BTCUSDT,69979.6,0.029,sell,2104408577
2024-03-28T00:20:33.764000+00:00,BTCUSDT,69979.1,0.018,sell,2104408578
2024-03-28T00:20:33.764000+00:00,BTCUSDT,69979.0,0.057,sell,2104408579
2024-03-28T00:20:33.764000+00:00,BTCUSDT,69978.9,0.141,sell,2104408580
2024-03-28T00:20:33.764000+00:00,BTCUSDT,69978.8,0.003,sell,2104408581
2024-03-28T00:20:33.764000+00:00,BTCUSDT,69978.0,0.033,sell,2104408582
2024-03-28T00:20:33.764000+00:00,BTCUSDT,69977.6,0.003,sell,2104408583
2024-03-28T00:20:33.764000+00:00,BTCUSDT,69977.4,0.057,sell,2104408584
2024-03-28T00:20:33.764000+00:00,BTCUSDT,69977.1,0.125,sell,2104408585
2024-03-28T00:20:33.764000+00:00,BTCUSDT,69976.5,0.302,sell,2104408586
2024-03-28T00:20:33.764000+00:00,BTCUSDT,69976.4,0.029,sell,2104408587
2024-03-28T00:20:33.764000+00:00,BTCUSDT,69976.3,0.002,sell,2104408588
2024-03-28T00:20:33.764000+00:00,BTCUSDT,69976.0,0.002,sell,2104408589
2024-03-28T00:20:33.764000+00:00,BTCUSDT,69975.8,0.057,sell,2104408590
2024-03-28T00:20:33.764000+00:00,BTCUSDT,69975.7,0.1,sell,2104408591
2024-03-28T00:20:33.764000+00:00,BTCUSDT,69975.2,0.003,sell,2104408592
2024-03-28T00:20:33.764000+00:00,BTCUSDT,69974.8,0.033,sell,2104408593
2024-03-28T00:20:33.764000+00:00,BTCUSDT,69974.5,0.158,sell,2104408594
2024-03-28T00:20:33.764000+00:00,BTCUSDT,69974.4,0.713,sell,2104408595
2024-03-28T00:20:33.764000+00:00,BTCUSDT,69974.3,0.384,sell,2104408596
2024-03-28T00:20:33.777000+00:00,BTCUSDT,69974.2,0.004,sell,2104408597
2024-03-28T00:20:33.777000+00:00,BTCUSDT,69974.0,0.003,sell,2104408598
2024-03-28T00:20:33.777000+00:00,BTCUSDT,69973.8,0.163,sell,2104408599
2024-03-28T00:20:33.815000+00:00,BTCUSDT,69973.9,0.714,buy,2104408600
2024-03-28T00:20:33.927000+00:00,BTCUSDT,69973.8,0.01,buy,2104408601
2024-03-28T00:20:33.944000+00:00,BTCUSDT,69973.7,1.129,sell,2104408602
2024-03-28T00:20:34.039000+00:00,BTCUSDT,69973.6,0.003,sell,2104408603
2024-03-28T00:20:34.039000+00:00,BTCUSDT,69973.4,0.083,sell,2104408604
2024-03-28T00:20:34.039000+00:00,BTCUSDT,69972.6,0.002,sell,2104408605
2024-03-28T00:20:34.043000+00:00,BTCUSDT,69972.0,0.004,sell,2104408606
2024-03-28T00:20:34.061000+00:00,BTCUSDT,69971.4,0.1,buy,2104408607
2024-03-28T00:20:34.061000+00:00,BTCUSDT,69971.3,0.002,sell,2104408608
2024-03-28T00:20:34.071000+00:00,BTCUSDT,69971.2,0.004,sell,2104408609
2024-03-28T00:20:34.157000+00:00,BTCUSDT,69971.3,0.007,buy,2104408610
2024-03-28T00:20:34.168000+00:00,BTCUSDT,69971.2,0.003,sell,2104408611
2024-03-28T00:20:34.321000+00:00,BTCUSDT,69971.2,0.009,sell,2104408612
2024-03-28T00:20:34.441000+00:00,BTCUSDT,69971.3,0.062,buy,2104408613
2024-03-28T00:20:34.475000+00:00,BTCUSDT,69971.2,1.109,sell,2104408614
2024-03-28T00:20:34.595000+00:00,BTCUSDT,69971.3,0.027,buy,2104408615
2024-03-28T00:20:34.696000+00:00,BTCUSDT,69971.2,0.209,sell,2104408616
2024-03-28T00:20:34.744000+00:00,BTCUSDT,69971.3,0.002,buy,2104408617
2024-03-28T00:20:34.764000+00:00,BTCUSDT,69971.2,0.009,sell,2104408618
2024-03-28T00:20:34.885000+00:00,BTCUSDT,69971.2,1.169,sell,2104408619
2024-03-28T00:20:35.049000+00:00,BTCUSDT,69971.3,0.518,buy,2104408620
2024-03-28T00:20:35.054000+00:00,BTCUSDT,69971.2,0.038,sell,2104408621
2024-03-28T00:20:35.096000+00:00,BTCUSDT,69971.3,1.856,buy,2104408622
2024-03-28T00:20:35.205000+00:00,BTCUSDT,69971.2,0.063,sell,2104408623
2024-03-28T00:20:35.338000+00:00,BTCUSDT,69971.3,0.963,buy,2104408624
2024-03-28T00:20:35.348000+00:00,BTCUSDT,69971.2,0.008,sell,2104408625
2024-03-28T00:20:35.348000+00:00,BTCUSDT,69970.8,0.002,sell,2104408626
2024-03-28T00:20:35.348000+00:00,BTCUSDT,69970.5,0.186,sell,2104408627
2024-03-28T00:20:35.410000+00:00,BTCUSDT,69970.6,0.106,buy,2104408628
2024-03-28T00:20:35.552000+00:00,BTCUSDT,69970.5,0.099,sell,2104408629
2024-03-28T00:20:35.552000+00:00,BTCUSDT,69970.0,0.002,sell,2104408630
2024-03-28T00:20:35.552000+00:00,BTCUSDT,69969.3,0.037,sell,2104408631
2024-03-28T00:20:35.552000+00:00,BTCUSDT,69968.7,0.612,sell,2104408632
2024-03-28T00:20:35.552000+00:00,BTCUSDT,69968.5,0.002,sell,2104408633
2024-03-28T00:20:35.553000+00:00,BTCUSDT,69968.0,0.004,sell,2104408634
2024-03-28T00:20:35.553000+00:00,BTCUSDT,69967.8,0.002,sell,2104408635
2024-03-28T00:20:35.553000+00:00,BTCUSDT,69967.6,0.798,sell,2104408636
2024-03-28T00:20:35.553000+00:00,BTCUSDT,69967.3,0.002,sell,2104408637
2024-03-28T00:20:35.553000+00:00,BTCUSDT,69966.7,0.014,sell,2104408638
2024-03-28T00:20:35.615000+00:00,BTCUSDT,69966.1,0.01,buy,2104408639
2024-03-28T00:20:35.621000+00:00,BTCUSDT,69966.0,0.021,sell,2104408640
2024-03-28T00:20:35.621000+00:00,BTCUSDT,69964.8,0.01,sell,2104408641
2024-03-28T00:20:35.621000+00:00,BTCUSDT,69964.6,0.071,sell,2104408642
2024-03-28T00:20:35.641000+00:00,BTCUSDT,69964.5,0.038,sell,2104408643
2024-03-28T00:20:35.664000+00:00,BTCUSDT,69964.2,0.002,sell,2104408644
2024-03-28T00:20:35.664000+00:00,BTCUSDT,69964.1,0.002,sell,2104408645
2024-03-28T00:20:35.664000+00:00,BTCUSDT,69964.0,0.514,sell,2104408646
2024-03-28T00:20:35.665000+00:00,BTCUSDT,69963.9,0.002,sell,2104408647
2024-03-28T00:20:35.665000+00:00,BTCUSDT,69963.5,0.01,sell,2104408648
2024-03-28T00:20:35.665000+00:00,BTCUSDT,69963.4,0.004,sell,2104408649
2024-03-28T00:20:35.665000+00:00,BTCUSDT,69963.1,0.017,sell,2104408650
2024-03-28T00:20:35.665000+00:00,BTCUSDT,69963.0,0.002,sell,2104408651
2024-03-28T00:20:35.665000+00:00,BTCUSDT,69962.8,0.002,sell,2104408652
2024-03-28T00:20:35.665000+00:00,BTCUSDT,69962.1,0.093,sell,2104408653
2024-03-28T00:20:35.669000+00:00,BTCUSDT,69962.0,0.149,sell,2104408654
2024-03-28T00:20:35.669000+00:00,BTCUSDT,69961.9,0.035,sell,2104408655
2024-03-28T00:20:35.669000+00:00,BTCUSDT,69961.8,0.086,sell,2104408656
2024-03-28T00:20:35.669000+00:00,BTCUSDT,69961.7,0.002,sell,2104408657
2024-03-28T00:20:35.669000+00:00,BTCUSDT,69961.5,0.002,sell,2104408658
2024-03-28T00:20:35.669000+00:00,BTCUSDT,69961.4,0.154,sell,2104408659
2024-03-28T00:20:35.669000+00:00,BTCUSDT,69961.3,0.907,sell,2104408660
2024-03-28T00:20:35.727000+00:00,BTCUSDT,69961.1,0.003,sell,2104408661
2024-03-28T00:20:35.727000+00:00,BTCUSDT,69960.9,0.004,sell,2104408662
2024-03-28T00:20:35.727000+00:00,BTCUSDT,69960.1,0.107,sell,2104408663
2024-03-28T00:20:35.761000+00:00,BTCUSDT,69960.2,0.006,buy,2104408664
2024-03-28T00:20:35.811000+00:00,BTCUSDT,69960.1,0.163,sell,2104408665
2024-03-28T00:20:35.916000+00:00,BTCUSDT,69960.1,0.646,buy,2104408666
2024-03-28T00:20:35.968000+00:00,BTCUSDT,69960.0,0.01,sell,2104408667
2024-03-28T00:20:36.050000+00:00,BTCUSDT,69960.1,0.002,buy,2104408668
2024-03-28T00:20:36.070000+00:00,BTCUSDT,69960.0,0.004,sell,2104408669
2024-03-28T00:20:36.156000+00:00,BTCUSDT,69960.1,0.074,buy,2104408670
2024-03-28T00:20:36.167000+00:00,BTCUSDT,69960.0,0.005,sell,2104408671
2024-03-28T00:20:36.182000+00:00,BTCUSDT,69960.1,0.01,buy,2104408672
2024-03-28T00:20:36.183000+00:00,BTCUSDT,69960.0,0.002,sell,2104408673
2024-03-28T00:20:36.193000+00:00,BTCUSDT,69960.1,0.023,buy,2104408674
2024-03-28T00:20:36.223000+00:00,BTCUSDT,69960.1,0.321,sell,2104408675
2024-03-28T00:20:36.374000+00:00,BTCUSDT,69960.1,0.28,sell,2104408676
2024-03-28T00:20:36.446000+00:00,BTCUSDT,69960.2,0.017,buy,2104408677
2024-03-28T00:20:36.560000+00:00,BTCUSDT,69960.1,1.661,sell,2104408678
2024-03-28T00:20:36.562000+00:00,BTCUSDT,69960.0,0.014,sell,2104408679
2024-03-28T00:20:36.562000+00:00,BTCUSDT,69959.9,0.057,sell,2104408680
2024-03-28T00:20:36.562000+00:00,BTCUSDT,69959.7,0.205,sell,2104408681
2024-03-28T00:20:36.562000+00:00,BTCUSDT,69958.9,0.004,sell,2104408682
2024-03-28T00:20:36.562000+00:00,BTCUSDT,69958.8,0.022,sell,2104408683
2024-03-28T00:20:36.562000+00:00,BTCUSDT,69958.6,0.163,sell,2104408684
2024-03-28T00:20:36.562000+00:00,BTCUSDT,69958.5,0.014,sell,2104408685
2024-03-28T00:20:36.562000+00:00,BTCUSDT,69958.3,0.002,sell,2104408686
2024-03-28T00:20:36.562000+00:00,BTCUSDT,69958.0,0.004,sell,2104408687
2024-03-28T00:20:36.562000+00:00,BTCUSDT,69957.4,0.064,sell,2104408688
2024-03-28T00:20:36.562000+00:00,BTCUSDT,69957.3,0.064,sell,2104408689
2024-03-28T00:20:36.562000+00:00,BTCUSDT,69957.2,0.002,sell,2104408690
2024-03-28T00:20:36.562000+00:00,BTCUSDT,69957.1,0.191,sell,2104408691
2024-03-28T00:20:36.562000+00:00,BTCUSDT,69957.0,0.413,sell,2104408692
2024-03-28T00:20:36.562000+00:00,BTCUSDT,69956.9,0.062,sell,2104408693
2024-03-28T00:20:36.562000+00:00,BTCUSDT,69956.8,0.002,sell,2104408694
2024-03-28T00:20:36.562000+00:00,BTCUSDT,69956.7,0.427,sell,2104408695
2024-03-28T00:20:36.566000+00:00,BTCUSDT,69956.6,0.419,sell,2104408696
2024-03-28T00:20:36.568000+00:00,BTCUSDT,69956.5,0.483,sell,2104408697
2024-03-28T00:20:36.592000+00:00,BTCUSDT,69956.6,0.008,buy,2104408698
2024-03-28T00:20:36.707000+00:00,BTCUSDT,69956.5,0.042,sell,2104408699
2024-03-28T00:20:36.729000+00:00,BTCUSDT,69956.6,0.002,buy,2104408700
2024-03-28T00:20:36.772000+00:00,BTCUSDT,69956.5,0.002,sell,2104408701
2024-03-28T00:20:36.777000+00:00,BTCUSDT,69956.6,0.004,buy,2104408702
2024-03-28T00:20:36.799000+00:00,BTCUSDT,69956.5,0.1,sell,2104408703
2024-03-28T00:20:36.799000+00:00,BTCUSDT,69956.6,0.009,buy,2104408704
2024-03-28T00:20:36.809000+00:00,BTCUSDT,69956.5,0.039,sell,2104408705
2024-03-28T00:20:36.932000+00:00,BTCUSDT,69956.5,0.726,sell,2104408706
2024-03-28T00:20:36.973000+00:00,BTCUSDT,69956.6,0.371,buy,2104408707
2024-03-28T00:20:37.060000+00:00,BTCUSDT,69956.5,0.017,sell,2104408708
2024-03-28T00:20:37.072000+00:00,BTCUSDT,69956.6,0.444,buy,2104408709
2024-03-28T00:20:37.182000+00:00,BTCUSDT,69956.6,0.006,buy,2104408710
2024-03-28T00:20:37.240000+00:00,BTCUSDT,69956.5,0.1,sell,2104408711
2024-03-28T00:20:37.270000+00:00,BTCUSDT,69956.6,0.049,buy,2104408712
2024-03-28T00:20:37.296000+00:00,BTCUSDT,69957.3,0.005,buy,2104408713
2024-03-28T00:20:37.296000+00:00,BTCUSDT,69958.0,0.002,buy,2104408714
2024-03-28T00:20:37.296000+00:00,BTCUSDT,69958.6,0.002,buy,2104408715
2024-03-28T00:20:37.296000+00:00,BTCUSDT,69959.5,0.003,buy,2104408716
2024-03-28T00:20:37.296000+00:00,BTCUSDT,69959.8,0.004,buy,2104408717
2024-03-28T00:20:37.298000+00:00,BTCUSDT,69960.0,0.002,buy,2104408718
2024-03-28T00:20:37.298000+00:00,BTCUSDT,69960.2,0.004,buy,2104408719
2024-03-28T00:20:37.302000+00:00,BTCUSDT,69960.6,0.009,buy,2104408720
2024-03-28T00:20:37.314000+00:00,BTCUSDT,69960.7,0.012,sell,2104408721
2024-03-28T00:20:37.314000+00:00,BTCUSDT,69960.8,0.003,buy,2104408722
2024-03-28T00:20:37.314000+00:00,BTCUSDT,69961.3,0.002,buy,2104408723
2024-03-28T00:20:37.314000+00:00,BTCUSDT,69961.5,0.002,buy,2104408724
2024-03-28T00:20:37.314000+00:00,BTCUSDT,69961.6,0.002,buy,2104408725
2024-03-28T00:20:37.333000+00:00,BTCUSDT,69962.0,0.003,buy,2104408726
2024-03-28T00:20:37.333000+00:00,BTCUSDT,69963.0,0.005,buy,2104408727
2024-03-28T00:20:37.333000+00:00,BTCUSDT,69963.2,0.003,buy,2104408728
2024-03-28T00:20:37.471000+00:00,BTCUSDT,69963.3,3.388,sell,2104408729
2024-03-28T00:20:37.477000+00:00,BTCUSDT,69963.2,0.308,sell,2104408730
2024-03-28T00:20:37.501000+00:00,BTCUSDT,69963.3,0.041,buy,2104408731
2024-03-28T00:20:37.535000+00:00,BTCUSDT,69963.2,0.103,sell,2104408732
2024-03-28T00:20:37.603000+00:00,BTCUSDT,69962.0,0.002,sell,2104408733
2024-03-28T00:20:37.603000+00:00,BTCUSDT,69961.5,0.002,sell,2104408734
2024-03-28T00:20:37.603000+00:00,BTCUSDT,69961.2,0.002,sell,2104408735
2024-03-28T00:20:37.603000+00:00,BTCUSDT,69960.8,0.115,sell,2104408736
2024-03-28T00:20:37.603000+00:00,BTCUSDT,69960.0,0.002,sell,2104408737
2024-03-28T00:20:37.603000+00:00,BTCUSDT,69959.9,0.349,sell,2104408738
2024-03-28T00:20:37.603000+00:00,BTCUSDT,69959.6,0.003,sell,2104408739
2024-03-28T00:20:37.603000+00:00,BTCUSDT,69958.8,0.253,sell,2104408740
2024-03-28T00:20:37.603000+00:00,BTCUSDT,69958.2,0.1,sell,2104408741
2024-03-28T00:20:37.603000+00:00,BTCUSDT,69958.1,0.002,sell,2104408742
2024-03-28T00:20:37.603000+00:00,BTCUSDT,69958.0,0.002,sell,2104408743
2024-03-28T00:20:37.603000+00:00,BTCUSDT,69957.6,0.116,sell,2104408744
2024-03-28T00:20:37.603000+00:00,BTCUSDT,69957.3,0.078,sell,2104408745
2024-03-28T00:20:37.603000+00:00,BTCUSDT,69957.2,0.003,sell,2104408746
2024-03-28T00:20:37.603000+00:00,BTCUSDT,69957.1,0.6,sell,2104408747
2024-03-28T00:20:37.603000+00:00,BTCUSDT,69956.5,0.76,sell,2104408748
2024-03-28T00:20:37.603000+00:00,BTCUSDT,69956.2,0.321,sell,2104408749
2024-03-28T00:20:37.603000+00:00,BTCUSDT,69956.1,1.197,sell,2104408750
2024-03-28T00:20:37.638000+00:00,BTCUSDT,69956.2,0.028,buy,2104408751
2024-03-28T00:20:37.699000+00:00,BTCUSDT,69956.1,0.091,sell,2104408752
2024-03-28T00:20:37.717000+00:00,BTCUSDT,69956.2,0.01,buy,2104408753
2024-03-28T00:20:37.818000+00:00,BTCUSDT,69956.2,0.012,buy,2104408754
2024-03-28T00:20:37.821000+00:00,BTCUSDT,69956.1,1.461,sell,2104408755
2024-03-28T00:20:37.858000+00:00,BTCUSDT,69955.2,0.002,sell,2104408756
2024-03-28T00:20:37.858000+00:00,BTCUSDT,69955.0,0.139,sell,2104408757
2024-03-28T00:20:38.007000+00:00,BTCUSDT,69955.1,0.062,buy,2104408758
2024-03-28T00:20:38.076000+00:00,BTCUSDT,69955.0,0.094,sell,2104408759
2024-03-28T00:20:38.107000+00:00,BTCUSDT,69955.1,0.284,buy,2104408760
2024-03-28T00:20:38.227000+00:00,BTCUSDT,69955.0,0.55,sell,2104408761
2024-03-28T00:20:38.297000+00:00,BTCUSDT,69954.6,0.01,buy,2104408762
2024-03-28T00:20:38.308000+00:00,BTCUSDT,69954.5,0.023,sell,2104408763
2024-03-28T00:20:38.499000+00:00,BTCUSDT,69954.6,0.029,buy,2104408764
2024-03-28T00:20:38.533000+00:00,BTCUSDT,69954.5,0.108,sell,2104408765
2024-03-28T00:20:38.642000+00:00,BTCUSDT,69954.5,0.006,sell,2104408766
2024-03-28T00:20:38.667000+00:00,BTCUSDT,69954.6,1.206,buy,2104408767
2024-03-28T00:20:38.715000+00:00,BTCUSDT,69955.1,0.041,buy,2104408768
2024-03-28T00:20:38.715000+00:00,BTCUSDT,69956.0,0.004,buy,2104408769
2024-03-28T00:20:38.715000+00:00,BTCUSDT,69956.1,0.42,buy,2104408770
2024-03-28T00:20:38.715000+00:00,BTCUSDT,69956.2,0.721,buy,2104408771
2024-03-28T00:20:38.780000+00:00,BTCUSDT,69957.8,0.082,sell,2104408772
2024-03-28T00:20:38.795000+00:00,BTCUSDT,69957.9,0.002,buy,2104408773
2024-03-28T00:20:38.795000+00:00,BTCUSDT,69960.0,0.002,buy,2104408774
2024-03-28T00:20:38.795000+00:00,BTCUSDT,69960.1,0.041,buy,2104408775
2024-03-28T00:20:38.941000+00:00,BTCUSDT,69960.1,0.002,buy,2104408776
2024-03-28T00:20:39.033000+00:00,BTCUSDT,69960.0,0.004,sell,2104408777
2024-03-28T00:20:39.047000+00:00,BTCUSDT,69960.1,0.031,buy,2104408778
2024-03-28T00:20:39.235000+00:00,BTCUSDT,69960.0,1.715,sell,2104408779
2024-03-28T00:20:39.235000+00:00,BTCUSDT,69959.5,0.003,sell,2104408780
2024-03-28T00:20:39.235000+00:00,BTCUSDT,69958.0,0.002,sell,2104408781
2024-03-28T00:20:39.235000+00:00,BTCUSDT,69957.9,0.003,sell,2104408782
2024-03-28T00:20:39.235000+00:00,BTCUSDT,69957.8,0.15,sell,2104408783
2024-03-28T00:20:39.235000+00:00,BTCUSDT,69957.7,0.1,sell,2104408784
2024-03-28T00:20:39.235000+00:00,BTCUSDT,69957.2,0.172,sell,2104408785
2024-03-28T00:20:39.235000+00:00,BTCUSDT,69957.1,0.003,sell,2104408786
2024-03-28T00:20:39.235000+00:00,BTCUSDT,69956.8,0.142,sell,2104408787
2024-03-28T00:20:39.235000+00:00,BTCUSDT,69956.6,0.188,sell,2104408788
2024-03-28T00:20:39.235000+00:00,BTCUSDT,69956.3,0.003,sell,2104408789
2024-03-28T00:20:39.235000+00:00,BTCUSDT,69956.2,0.287,sell,2104408790
2024-03-28T00:20:39.235000+00:00,BTCUSDT,69956.0,0.002,sell,2104408791
2024-03-28T00:20:39.235000+00:00,BTCUSDT,69955.8,0.172,sell,2104408792
2024-03-28T00:20:39.235000+00:00,BTCUSDT,69955.3,1.259,sell,2104408793
2024-03-28T00:20:39.235000+00:00,BTCUSDT,69955.2,0.1,sell,2104408794
2024-03-28T00:20:39.235000+00:00,BTCUSDT,69955.1,0.884,sell,2104408795
2024-03-28T00:20:39.235000+00:00,BTCUSDT,69955.0,1.563,sell,2104408796
2024-03-28T00:20:39.235000+00:00,BTCUSDT,69954.9,1.033,sell,2104408797
2024-03-28T00:20:39.235000+00:00,BTCUSDT,69954.8,0.699,sell,2104408798
2024-03-28T00:20:39.235000+00:00,BTCUSDT,69954.7,0.707,sell,2104408799
2024-03-28T00:20:39.235000+00:00,BTCUSDT,69954.6,0.212,sell,2104408800
2024-03-28T00:20:39.235000+00:00,BTCUSDT,69954.5,0.133,sell,2104408801
2024-03-28T00:20:39.235000+00:00,BTCUSDT,69954.4,0.003,sell,2104408802
2024-03-28T00:20:39.235000+00:00,BTCUSDT,69954.3,0.003,sell,2104408803
2024-03-28T00:20:39.235000+00:00,BTCUSDT,69954.0,0.462,sell,2104408804
2024-03-28T00:20:39.272000+00:00,BTCUSDT,69953.9,0.086,sell,2104408805
2024-03-28T00:20:39.352000+00:00,BTCUSDT,69954.0,0.251,buy,2104408806
2024-03-28T00:20:39.473000+00:00,BTCUSDT,69953.9,0.43,sell,2104408807
2024-03-28T00:20:39.613000+00:00,BTCUSDT,69954.0,0.024,buy,2104408808
2024-03-28T00:20:39.653000+00:00,BTCUSDT,69953.9,0.119,sell,2104408809
2024-03-28T00:20:39.656000+00:00,BTCUSDT,69954.0,0.05,buy,2104408810
2024-03-28T00:20:39.722000+00:00,BTCUSDT,69953.9,0.093,sell,2104408811
2024-03-28T00:20:39.825000+00:00,BTCUSDT,69954.0,0.003,buy,2104408812
2024-03-28T00:20:39.902000+00:00,BTCUSDT,69953.9,0.002,sell,2104408813
2024-03-28T00:20:39.933000+00:00,BTCUSDT,69954.0,0.004,buy,2104408814
2024-03-28T00:20:40.088000+00:00,BTCUSDT,69953.9,0.494,sell,2104408815
2024-03-28T00:20:40.246000+00:00,BTCUSDT,69953.9,0.097,sell,2104408816
2024-03-28T00:20:40.313000+00:00,BTCUSDT,69954.0,0.017,buy,2104408817
2024-03-28T00:20:40.516000+00:00,BTCUSDT,69953.9,1.182,sell,2104408818
2024-03-28T00:20:40.564000+00:00,BTCUSDT,69953.7,0.002,sell,2104408819
2024-03-28T00:20:40.564000+00:00,BTCUSDT,69953.6,0.049,sell,2104408820
2024-03-28T00:20:40.564000+00:00,BTCUSDT,69953.2,0.232,sell,2104408821
2024-03-28T00:20:40.641000+00:00,BTCUSDT,69953.0,0.01,sell,2104408822
2024-03-28T00:20:40.805000+00:00,BTCUSDT,69953.0,0.006,buy,2104408823
2024-03-28T00:20:40.809000+00:00,BTCUSDT,69952.9,0.002,sell,2104408824
2024-03-28T00:20:40.809000+00:00,BTCUSDT,69952.8,0.002,sell,2104408825
2024-03-28T00:20:40.809000+00:00,BTCUSDT,69952.7,0.008,sell,2104408826
2024-03-28T00:20:40.967000+00:00,BTCUSDT,69952.8,0.007,buy,2104408827
2024-03-28T00:20:41.007000+00:00,BTCUSDT,69952.7,0.926,sell,2104408828
2024-03-28T00:20:41.007000+00:00,BTCUSDT,69952.5,0.014,sell,2104408829
2024-03-28T00:20:41.007000+00:00,BTCUSDT,69952.3,0.002,sell,2104408830
2024-03-28T00:20:41.007000+00:00,BTCUSDT,69952.0,0.002,sell,2104408831
2024-03-28T00:20:41.007000+00:00,BTCUSDT,69951.9,0.335,sell,2104408832
2024-03-28T00:20:41.007000+00:00,BTCUSDT,69951.8,0.124,sell,2104408833
2024-03-28T00:20:41.007000+00:00,BTCUSDT,69951.6,0.002,sell,2104408834
2024-03-28T00:20:41.007000+00:00,BTCUSDT,69951.0,0.002,sell,2104408835
2024-03-28T00:20:41.007000+00:00,BTCUSDT,69950.5,0.004,sell,2104408836
2024-03-28T00:20:41.007000+00:00,BTCUSDT,69950.4,0.002,sell,2104408837
2024-03-28T00:20:41.007000+00:00,BTCUSDT,69950.1,0.356,sell,2104408838
2024-03-28T00:20:41.043000+00:00,BTCUSDT,69950.0,0.143,sell,2104408839
2024-03-28T00:20:41.043000+00:00,BTCUSDT,69950.1,2.866,buy,2104408840
2024-03-28T00:20:41.142000+00:00,BTCUSDT,69950.0,0.03,sell,2104408841
2024-03-28T00:20:41.403000+00:00,BTCUSDT,69950.1,0.049,buy,2104408842
2024-03-28T00:20:41.441000+00:00,BTCUSDT,69950.0,0.049,sell,2104408843
2024-03-28T00:20:41.461000+00:00,BTCUSDT,69950.1,0.01,buy,2104408844
2024-03-28T00:20:41.466000+00:00,BTCUSDT,69950.0,0.255,sell,2104408845
2024-03-28T00:20:41.546000+00:00,BTCUSDT,69950.1,0.092,buy,2104408846
2024-03-28T00:20:41.646000+00:00,BTCUSDT,69950.0,0.002,sell,2104408847
2024-03-28T00:20:41.811000+00:00,BTCUSDT,69950.0,0.363,sell,2104408848
2024-03-28T00:20:41.946000+00:00,BTCUSDT,69950.1,0.005,buy,2104408849
2024-03-28T00:20:41.969000+00:00,BTCUSDT,69950.0,0.016,sell,2104408850
2024-03-28T00:20:42.118000+00:00,BTCUSDT,69950.1,0.233,buy,2104408851
2024-03-28T00:20:42.216000+00:00,BTCUSDT,69950.0,0.069,sell,2104408852
2024-03-28T00:20:42.246000+00:00,BTCUSDT,69950.1,0.003,buy,2104408853
2024-03-28T00:20:42.271000+00:00,BTCUSDT,69950.0,0.06,sell,2104408854
2024-03-28T00:20:42.368000+00:00,BTCUSDT,69950.1,0.002,buy,2104408855
2024-03-28T00:20:42.389000+00:00,BTCUSDT,69950.0,3.864,sell,2104408856
2024-03-28T00:20:42.392000+00:00,BTCUSDT,69950.1,0.296,buy,2104408857
2024-03-28T00:20:42.393000+00:00,BTCUSDT,69950.0,33.915,sell,2104408858
2024-03-28T00:20:42.565000+00:00,BTCUSDT,69950.0,0.187,sell,2104408859
2024-03-28T00:20:42.727000+00:00,BTCUSDT,69950.0,3.561,sell,2104408860
2024-03-28T00:20:42.829000+00:00,BTCUSDT,69950.0,0.15,sell,2104408861
2024-03-28T00:20:42.832000+00:00,BTCUSDT,69950.1,0.173,buy,2104408862
2024-03-28T00:20:42.836000+00:00,BTCUSDT,69950.0,16.038,sell,2104408863
2024-03-28T00:20:42.869000+00:00,BTCUSDT,69950.1,0.003,buy,2104408864
2024-03-28T00:20:42.870000+00:00,BTCUSDT,69950.0,5.909,sell,2104408865
2024-03-28T00:20:42.991000+00:00,BTCUSDT,69950.0,0.789,sell,2104408866
2024-03-28T00:20:43.087000+00:00,BTCUSDT,69950.1,0.039,buy,2104408867
2024-03-28T00:20:43.186000+00:00,BTCUSDT,69950.0,0.205,sell,2104408868
2024-03-28T00:20:43.309000+00:00,BTCUSDT,69950.0,0.001,sell,2104408869
2024-03-28T00:20:43.355000+00:00,BTCUSDT,69950.1,9.774,buy,2104408870
2024-03-28T00:20:43.355000+00:00,BTCUSDT,69950.2,0.059,buy,2104408871
2024-03-28T00:20:43.355000+00:00,BTCUSDT,69950.6,2.252,buy,2104408872
2024-03-28T00:20:43.355000+00:00,BTCUSDT,69950.7,0.003,buy,2104408873
2024-03-28T00:20:43.355000+00:00,BTCUSDT,69950.8,0.034,buy,2104408874
2024-03-28T00:20:43.355000+00:00,BTCUSDT,69951.0,0.002,buy,2104408875
2024-03-28T00:20:43.355000+00:00,BTCUSDT,69951.5,0.003,buy,2104408876
2024-03-28T00:20:43.355000+00:00,BTCUSDT,69951.7,0.042,buy,2104408877
2024-03-28T00:20:43.355000+00:00,BTCUSDT,69951.8,0.057,buy,2104408878
2024-03-28T00:20:43.355000+00:00,BTCUSDT,69952.0,0.076,buy,2104408879
2024-03-28T00:20:43.355000+00:00,BTCUSDT,69952.3,0.003,buy,2104408880
2024-03-28T00:20:43.355000+00:00,BTCUSDT,69952.4,0.029,buy,2104408881
2024-03-28T00:20:43.355000+00:00,BTCUSDT,69952.7,0.002,buy,2104408882
2024-03-28T00:20:43.355000+00:00,BTCUSDT,69952.8,0.15,buy,2104408883
2024-03-28T00:20:43.355000+00:00,BTCUSDT,69953.0,0.15,buy,2104408884
2024-03-28T00:20:43.355000+00:00,BTCUSDT,69953.1,0.007,buy,2104408885
2024-03-28T00:20:43.355000+00:00,BTCUSDT,69953.3,0.674,buy,2104408886
2024-03-28T00:20:43.355000+00:00,BTCUSDT,69953.4,0.057,buy,2104408887
2024-03-28T00:20:43.355000+00:00,BTCUSDT,69953.7,0.042,buy,2104408888
2024-03-28T00:20:43.355000+00:00,BTCUSDT,69953.9,0.022,buy,2104408889
2024-03-28T00:20:43.355000+00:00,BTCUSDT,69954.0,2.063,buy,2104408890
2024-03-28T00:20:43.355000+00:00,BTCUSDT,69954.1,0.071,buy,2104408891
2024-03-28T00:20:43.355000+00:00,BTCUSDT,69954.2,0.08,buy,2104408892
2024-03-28T00:20:43.355000+00:00,BTCUSDT,69954.6,0.051,buy,2104408893
2024-03-28T00:20:43.355000+00:00,BTCUSDT,69954.7,0.026,buy,2104408894
2024-03-28T00:20:43.355000+00:00,BTCUSDT,69954.9,0.026,buy,2104408895
2024-03-28T00:20:43.355000+00:00,BTCUSDT,69955.0,0.374,buy,2104408896
2024-03-28T00:20:43.355000+00:00,BTCUSDT,69955.5,0.045,buy,2104408897
2024-03-28T00:20:43.355000+00:00,BTCUSDT,69955.6,0.029,buy,2104408898
2024-03-28T00:20:43.355000+00:00,BTCUSDT,69955.9,0.023,buy,2104408899
2024-03-28T00:20:43.355000+00:00,BTCUSDT,69956.0,0.076,buy,2104408900
2024-03-28T00:20:43.355000+00:00,BTCUSDT,69956.3,0.003,buy,2104408901
2024-03-28T00:20:43.355000+00:00,BTCUSDT,69956.5,0.256,buy,2104408902
2024-03-28T00:20:43.355000+00:00,BTCUSDT,69956.6,0.763,buy,2104408903
2024-03-28T00:20:43.355000+00:00,BTCUSDT,69956.8,0.07,buy,2104408904
2024-03-28T00:20:43.355000+00:00,BTCUSDT,69957.1,0.006,buy,2104408905
2024-03-28T00:20:43.355000+00:00,BTCUSDT,69957.2,0.029,buy,2104408906
2024-03-28T00:20:43.355000+00:00,BTCUSDT,69957.3,0.169,buy,2104408907
2024-03-28T00:20:43.355000+00:00,BTCUSDT,69957.6,0.002,buy,2104408908
2024-03-28T00:20:43.355000+00:00,BTCUSDT,69957.7,0.079,buy,2104408909
2024-03-28T00:20:43.355000+00:00,BTCUSDT,69958.0,0.076,buy,2104408910
2024-03-28T00:20:43.355000+00:00,BTCUSDT,69958.2,0.059,buy,2104408911
2024-03-28T00:20:43.355000+00:00,BTCUSDT,69958.3,0.002,buy,2104408912
2024-03-28T00:20:43.355000+00:00,BTCUSDT,69958.8,0.029,buy,2104408913
2024-03-28T00:20:43.355000+00:00,BTCUSDT,69959.5,0.002,buy,2104408914
2024-03-28T00:20:43.355000+00:00,BTCUSDT,69959.7,0.156,buy,2104408915
2024-03-28T00:20:43.355000+00:00,BTCUSDT,69959.8,0.059,buy,2104408916
2024-03-28T00:20:43.355000+00:00,BTCUSDT,69960.0,0.002,buy,2104408917
2024-03-28T00:20:43.355000+00:00,BTCUSDT,69960.1,0.03,buy,2104408918
2024-03-28T00:20:43.355000+00:00,BTCUSDT,69960.4,0.029,buy,2104408919
2024-03-28T00:20:43.355000+00:00,BTCUSDT,69960.6,0.056,buy,2104408920
2024-03-28T00:20:43.355000+00:00,BTCUSDT,69960.7,0.002,buy,2104408921
2024-03-28T00:20:43.355000+00:00,BTCUSDT,69960.8,0.466,buy,2104408922
2024-03-28T00:20:43.355000+00:00,BTCUSDT,69961.2,0.011,buy,2104408923
2024-03-28T00:20:43.355000+00:00,BTCUSDT,69961.5,0.004,buy,2104408924
2024-03-28T00:20:43.355000+00:00,BTCUSDT,69961.9,0.032,buy,2104408925
2024-03-28T00:20:43.355000+00:00,BTCUSDT,69962.0,0.002,buy,2104408926
2024-03-28T00:20:43.355000+00:00,BTCUSDT,69962.3,0.022,buy,2104408927
2024-03-28T00:20:43.355000+00:00,BTCUSDT,69962.4,0.002,buy,2104408928
2024-03-28T00:20:43.355000+00:00,BTCUSDT,69962.5,0.039,buy,2104408929
2024-03-28T00:20:43.355000+00:00,BTCUSDT,69962.6,0.061,buy,2104408930
2024-03-28T00:20:43.355000+00:00,BTCUSDT,69962.8,0.022,buy,2104408931
2024-03-28T00:20:43.355000+00:00,BTCUSDT,69962.9,0.029,buy,2104408932
2024-03-28T00:20:43.355000+00:00,BTCUSDT,69963.2,0.312,buy,2104408933
2024-03-28T00:20:43.355000+00:00,BTCUSDT,69963.3,0.129,buy,2104408934
2024-03-28T00:20:43.355000+00:00,BTCUSDT,69963.4,0.453,buy,2104408935
2024-03-28T00:20:43.355000+00:00,BTCUSDT,69963.6,0.018,buy,2104408936
2024-03-28T00:20:43.355000+00:00,BTCUSDT,69963.7,0.172,buy,2104408937
2024-03-28T00:20:43.355000+00:00,BTCUSDT,69963.9,0.002,buy,2104408938
2024-03-28T00:20:43.355000+00:00,BTCUSDT,69964.0,0.076,buy,2104408939
2024-03-28T00:20:43.355000+00:00,BTCUSDT,69964.1,0.767,buy,2104408940
2024-03-28T00:20:43.409000+00:00,BTCUSDT,69960.1,0.185,buy,2104408941
2024-03-28T00:20:43.409000+00:00,BTCUSDT,69962.0,0.002,buy,2104408942
2024-03-28T00:20:43.449000+00:00,BTCUSDT,69962.4,0.005,buy,2104408943
2024-03-28T00:20:43.449000+00:00,BTCUSDT,69964.0,0.107,buy,2104408944
2024-03-28T00:20:43.449000+00:00,BTCUSDT,69964.1,0.857,buy,2104408945
2024-03-28T00:20:43.450000+00:00,BTCUSDT,69964.3,0.555,buy,2104408946
2024-03-28T00:20:43.450000+00:00,BTCUSDT,69964.4,0.146,buy,2104408947
2024-03-28T00:20:43.472000+00:00,BTCUSDT,69964.6,0.5,buy,2104408948
2024-03-28T00:20:43.474000+00:00,BTCUSDT,69965.4,0.004,buy,2104408949
2024-03-28T00:20:43.474000+00:00,BTCUSDT,69965.6,0.006,buy,2104408950
2024-03-28T00:20:43.474000+00:00,BTCUSDT,69965.8,0.002,buy,2104408951
2024-03-28T00:20:43.474000+00:00,BTCUSDT,69965.9,0.6,buy,2104408952
2024-03-28T00:20:43.480000+00:00,BTCUSDT,69965.8,0.021,sell,2104408953
2024-03-28T00:20:43.481000+00:00,BTCUSDT,69966.0,0.012,buy,2104408954
2024-03-28T00:20:43.481000+00:00,BTCUSDT,69966.1,0.004,buy,2104408955
2024-03-28T00:20:43.501000+00:00,BTCUSDT,69966.4,0.011,buy,2104408956
2024-03-28T00:20:43.501000+00:00,BTCUSDT,69966.5,0.014,buy,2104408957
2024-03-28T00:20:43.501000+00:00,BTCUSDT,69966.8,0.011,buy,2104408958
2024-03-28T00:20:43.511000+00:00,BTCUSDT,69966.7,0.004,sell,2104408959
2024-03-28T00:20:43.532000+00:00,BTCUSDT,69966.9,0.008,buy,2104408960
2024-03-28T00:20:43.532000+00:00,BTCUSDT,69967.1,0.002,buy,2104408961
2024-03-28T00:20:43.532000+00:00,BTCUSDT,69967.3,0.002,buy,2104408962
2024-03-28T00:20:43.536000+00:00,BTCUSDT,69967.4,0.135,sell,2104408963
2024-03-28T00:20:43.547000+00:00,BTCUSDT,69967.6,0.002,buy,2104408964
2024-03-28T00:20:43.547000+00:00,BTCUSDT,69967.7,0.002,buy,2104408965
2024-03-28T00:20:43.547000+00:00,BTCUSDT,69967.8,0.006,buy,2104408966
2024-03-28T00:20:43.547000+00:00,BTCUSDT,69968.0,0.012,buy,2104408967
2024-03-28T00:20:43.564000+00:00,BTCUSDT,69968.1,0.08,buy,2104408968
2024-03-28T00:20:43.565000+00:00,BTCUSDT,69968.9,0.004,buy,2104408969
2024-03-28T00:20:43.565000+00:00,BTCUSDT,69969.0,0.01,buy,2104408970
2024-03-28T00:20:43.569000+00:00,BTCUSDT,69969.3,0.055,buy,2104408971
2024-03-28T00:20:43.569000+00:00,BTCUSDT,69969.6,0.004,buy,2104408972
2024-03-28T00:20:43.569000+00:00,BTCUSDT,69969.9,0.002,buy,2104408973
2024-03-28T00:20:43.569000+00:00,BTCUSDT,69970.0,0.037,buy,2104408974
2024-03-28T00:20:43.569000+00:00,BTCUSDT,69970.3,0.057,buy,2104408975
2024-03-28T00:20:43.569000+00:00,BTCUSDT,69970.6,0.002,buy,2104408976
2024-03-28T00:20:43.569000+00:00,BTCUSDT,69970.8,0.333,buy,2104408977
2024-03-28T00:20:43.569000+00:00,BTCUSDT,69970.9,0.036,buy,2104408978
2024-03-28T00:20:43.569000+00:00,BTCUSDT,69971.0,0.01,buy,2104408979
2024-03-28T00:20:43.581000+00:00,BTCUSDT,69971.2,0.003,buy,2104408980
2024-03-28T00:20:43.581000+00:00,BTCUSDT,69971.3,0.051,buy,2104408981
2024-03-28T00:20:43.581000+00:00,BTCUSDT,69971.5,0.003,buy,2104408982
2024-03-28T00:20:43.640000+00:00,BTCUSDT,69971.6,0.062,sell,2104408983
2024-03-28T00:20:43.710000+00:00,BTCUSDT,69971.7,1.0,buy,2104408984
2024-03-28T00:20:43.717000+00:00,BTCUSDT,69971.6,0.037,sell,2104408985
2024-03-28T00:20:43.817000+00:00,BTCUSDT,69971.7,0.01,buy,2104408986
2024-03-28T00:20:43.821000+00:00,BTCUSDT,69971.6,0.013,sell,2104408987
2024-03-28T00:20:43.830000+00:00,BTCUSDT,69971.7,0.001,buy,2104408988
2024-03-28T00:20:43.876000+00:00,BTCUSDT,69971.6,0.071,sell,2104408989
2024-03-28T00:20:43.915000+00:00,BTCUSDT,69971.7,0.005,buy,2104408990
2024-03-28T00:20:44.115000+00:00,BTCUSDT,69971.6,0.107,sell,2104408991
2024-03-28T00:20:44.242000+00:00,BTCUSDT,69971.6,0.004,sell,2104408992
2024-03-28T00:20:44.242000+00:00,BTCUSDT,69971.7,2.0,buy,2104408993
2024-03-28T00:20:44.247000+00:00,BTCUSDT,69971.6,1.134,sell,2104408994
2024-03-28T00:20:44.470000+00:00,BTCUSDT,69971.7,0.031,buy,2104408995
2024-03-28T00:20:44.623000+00:00,BTCUSDT,69971.7,0.016,buy,2104408996
2024-03-28T00:20:44.731000+00:00,BTCUSDT,69971.6,0.158,sell,2104408997
2024-03-28T00:20:44.781000+00:00,BTCUSDT,69971.7,0.042,buy,2104408998
2024-03-28T00:20:44.808000+00:00,BTCUSDT,69971.6,0.057,sell,2104408999
2024-03-28T00:20:44.873000+00:00,BTCUSDT,69971.7,0.034,buy,2104409000
2024-03-28T00:20:44.915000+00:00,BTCUSDT,69971.6,0.005,sell,2104409001
2024-03-28T00:20:45.003000+00:00,BTCUSDT,69971.7,0.154,buy,2104409002
2024-03-28T00:20:45.040000+00:00,BTCUSDT,69971.6,0.013,sell,2104409003
2024-03-28T00:20:45.121000+00:00,BTCUSDT,69971.7,1.687,buy,2104409004
2024-03-28T00:20:45.124000+00:00,BTCUSDT,69972.0,0.002,buy,2104409005
2024-03-28T00:20:45.124000+00:00,BTCUSDT,69973.0,0.014,buy,2104409006
2024-03-28T00:20:45.125000+00:00,BTCUSDT,69973.4,0.422,buy,2104409007
2024-03-28T00:20:45.125000+00:00,BTCUSDT,69974.0,0.012,buy,2104409008
2024-03-28T00:20:45.125000+00:00,BTCUSDT,69974.1,0.004,buy,2104409009
2024-03-28T00:20:45.125000+00:00,BTCUSDT,69974.4,0.084,buy,2104409010
2024-03-28T00:20:45.358000+00:00,BTCUSDT,69974.5,0.004,buy,2104409011
2024-03-28T00:20:45.385000+00:00,BTCUSDT,69974.4,0.306,sell,2104409012
2024-03-28T00:20:45.400000+00:00,BTCUSDT,69974.5,0.021,buy,2104409013
2024-03-28T00:20:45.632000+00:00,BTCUSDT,69974.5,0.006,buy,2104409014
2024-03-28T00:20:45.753000+00:00,BTCUSDT,69974.5,0.01,buy,2104409015
2024-03-28T00:20:45.784000+00:00,BTCUSDT,69974.4,0.202,sell,2104409016
2024-03-28T00:20:45.843000+00:00,BTCUSDT,69974.5,0.055,buy,2104409017
2024-03-28T00:20:46.060000+00:00,BTCUSDT,69974.4,0.001,sell,2104409018
2024-03-28T00:20:46.208000+00:00,BTCUSDT,69974.5,1.0,buy,2104409019
2024-03-28T00:20:46.304000+00:00,BTCUSDT,69974.4,0.99,sell,2104409020
2024-03-28T00:20:46.355000+00:00,BTCUSDT,69974.5,0.419,buy,2104409021
2024-03-28T00:20:46.360000+00:00,BTCUSDT,69974.4,0.1,sell,2104409022
2024-03-28T00:20:46.436000+00:00,BTCUSDT,69974.5,0.01,buy,2104409023
2024-03-28T00:20:46.444000+00:00,BTCUSDT,69974.4,0.045,sell,2104409024
2024-03-28T00:20:46.584000+00:00,BTCUSDT,69974.4,0.092,sell,2104409025
2024-03-28T00:20:46.699000+00:00,BTCUSDT,69974.4,0.001,sell,2104409026
2024-03-28T00:20:46.760000+00:00,BTCUSDT,69974.5,0.391,buy,2104409027
2024-03-28T00:20:46.868000+00:00,BTCUSDT,69974.4,0.002,sell,2104409028
2024-03-28T00:20:46.878000+00:00,BTCUSDT,69974.5,0.178,buy,2104409029
2024-03-28T00:20:46.883000+00:00,BTCUSDT,69974.4,0.105,sell,2104409030
2024-03-28T00:20:46.910000+00:00,BTCUSDT,69974.5,1.002,buy,2104409031
2024-03-28T00:20:47.009000+00:00,BTCUSDT,69974.4,0.226,sell,2104409032
2024-03-28T00:20:47.012000+00:00,BTCUSDT,69973.5,0.003,sell,2104409033
2024-03-28T00:20:47.074000+00:00,BTCUSDT,69972.0,0.002,sell,2104409034
2024-03-28T00:20:47.074000+00:00,BTCUSDT,69971.7,0.1,sell,2104409035
2024-03-28T00:20:47.074000+00:00,BTCUSDT,69971.6,0.006,sell,2104409036
2024-03-28T00:20:47.074000+00:00,BTCUSDT,69971.0,0.057,sell,2104409037
2024-03-28T00:20:47.074000+00:00,BTCUSDT,69970.0,0.031,sell,2104409038
2024-03-28T00:20:47.074000+00:00,BTCUSDT,69969.4,0.06,sell,2104409039
2024-03-28T00:20:47.126000+00:00,BTCUSDT,69969.5,0.016,buy,2104409040
2024-03-28T00:20:47.132000+00:00,BTCUSDT,69969.4,0.203,sell,2104409041
2024-03-28T00:20:47.244000+00:00,BTCUSDT,69969.5,0.017,buy,2104409042
2024-03-28T00:20:47.387000+00:00,BTCUSDT,69969.5,0.03,buy,2104409043
2024-03-28T00:20:47.390000+00:00,BTCUSDT,69969.4,0.01,sell,2104409044
2024-03-28T00:20:47.409000+00:00,BTCUSDT,69969.5,0.01,buy,2104409045
2024-03-28T00:20:47.485000+00:00,BTCUSDT,69969.4,0.059,sell,2104409046
2024-03-28T00:20:47.588000+00:00,BTCUSDT,69969.4,0.05,sell,2104409047
2024-03-28T00:20:47.710000+00:00,BTCUSDT,69969.4,0.014,sell,2104409048
2024-03-28T00:20:47.790000+00:00,BTCUSDT,69969.5,0.11,buy,2104409049
2024-03-28T00:20:47.891000+00:00,BTCUSDT,69969.5,0.007,buy,2104409050
2024-03-28T00:20:47.964000+00:00,BTCUSDT,69969.4,0.079,sell,2104409051
2024-03-28T00:20:48.280000+00:00,BTCUSDT,69969.4,0.026,sell,2104409052
2024-03-28T00:20:48.291000+00:00,BTCUSDT,69969.5,0.019,buy,2104409053
2024-03-28T00:20:48.456000+00:00,BTCUSDT,69969.4,0.022,sell,2104409054
2024-03-28T00:20:48.512000+00:00,BTCUSDT,69969.5,0.504,buy,2104409055
2024-03-28T00:20:48.512000+00:00,BTCUSDT,69969.6,0.002,buy,2104409056
2024-03-28T00:20:48.512000+00:00,BTCUSDT,69970.0,0.002,buy,2104409057
2024-03-28T00:20:48.512000+00:00,BTCUSDT,69970.2,0.005,buy,2104409058
2024-03-28T00:20:48.512000+00:00,BTCUSDT,69970.4,0.017,buy,2104409059
2024-03-28T00:20:48.512000+00:00,BTCUSDT,69971.0,0.063,buy,2104409060
2024-03-28T00:20:48.512000+00:00,BTCUSDT,69971.1,0.15,buy,2104409061
2024-03-28T00:20:48.512000+00:00,BTCUSDT,69971.5,0.002,buy,2104409062
2024-03-28T00:20:48.512000+00:00,BTCUSDT,69971.6,0.003,buy,2104409063
2024-03-28T00:20:48.512000+00:00,BTCUSDT,69972.0,0.004,buy,2104409064
2024-03-28T00:20:48.512000+00:00,BTCUSDT,69972.4,0.126,buy,2104409065
2024-03-28T00:20:48.512000+00:00,BTCUSDT,69972.7,0.019,buy,2104409066
2024-03-28T00:20:48.512000+00:00,BTCUSDT,69972.8,0.003,buy,2104409067
2024-03-28T00:20:48.512000+00:00,BTCUSDT,69973.1,0.071,buy,2104409068
2024-03-28T00:20:48.512000+00:00,BTCUSDT,69973.8,0.002,buy,2104409069
2024-03-28T00:20:48.512000+00:00,BTCUSDT,69973.9,0.136,buy,2104409070
2024-03-28T00:20:48.512000+00:00,BTCUSDT,69974.0,0.017,buy,2104409071
2024-03-28T00:20:48.512000+00:00,BTCUSDT,69974.2,0.005,buy,2104409072
2024-03-28T00:20:48.512000+00:00,BTCUSDT,69974.4,0.172,buy,2104409073
2024-03-28T00:20:48.512000+00:00,BTCUSDT,69974.5,0.157,buy,2104409074
2024-03-28T00:20:48.512000+00:00,BTCUSDT,69974.6,0.009,buy,2104409075
2024-03-28T00:20:48.512000+00:00,BTCUSDT,69974.8,0.384,buy,2104409076
2024-03-28T00:20:48.512000+00:00,BTCUSDT,69975.0,0.012,buy,2104409077
2024-03-28T00:20:48.512000+00:00,BTCUSDT,69975.2,0.003,buy,2104409078
2024-03-28T00:20:48.512000+00:00,BTCUSDT,69975.8,0.003,buy,2104409079
2024-03-28T00:20:48.512000+00:00,BTCUSDT,69976.0,0.015,buy,2104409080
2024-03-28T00:20:48.512000+00:00,BTCUSDT,69976.3,0.104,buy,2104409081
2024-03-28T00:20:48.512000+00:00,BTCUSDT,69976.4,0.032,buy,2104409082
2024-03-28T00:20:48.512000+00:00,BTCUSDT,69976.5,0.105,buy,2104409083
2024-03-28T00:20:48.512000+00:00,BTCUSDT,69976.6,0.105,buy,2104409084
2024-03-28T00:20:48.512000+00:00,BTCUSDT,69976.7,0.511,buy,2104409085
2024-03-28T00:20:48.512000+00:00,BTCUSDT,69976.8,0.095,buy,2104409086
2024-03-28T00:20:48.553000+00:00,BTCUSDT,69976.6,0.342,sell,2104409087
2024-03-28T00:20:48.665000+00:00,BTCUSDT,69976.6,0.002,sell,2104409088
2024-03-28T00:20:48.665000+00:00,BTCUSDT,69976.4,0.031,sell,2104409089
2024-03-28T00:20:48.665000+00:00,BTCUSDT,69976.0,0.002,sell,2104409090
2024-03-28T00:20:48.665000+00:00,BTCUSDT,69975.8,0.057,sell,2104409091
2024-03-28T00:20:48.665000+00:00,BTCUSDT,69975.2,0.003,sell,2104409092
2024-03-28T00:20:48.665000+00:00,BTCUSDT,69974.5,0.002,sell,2104409093
2024-03-28T00:20:48.665000+00:00,BTCUSDT,69974.0,0.002,sell,2104409094
2024-03-28T00:20:48.665000+00:00,BTCUSDT,69972.8,0.002,sell,2104409095
2024-03-28T00:20:48.665000+00:00,BTCUSDT,69972.0,0.004,sell,2104409096
2024-03-28T00:20:48.665000+00:00,BTCUSDT,69971.3,0.002,sell,2104409097
2024-03-28T00:20:48.665000+00:00,BTCUSDT,69971.0,0.44,sell,2104409098
2024-03-28T00:20:48.665000+00:00,BTCUSDT,69970.6,0.318,sell,2104409099
2024-03-28T00:20:48.665000+00:00,BTCUSDT,69970.5,0.282,sell,2104409100
2024-03-28T00:20:48.665000+00:00,BTCUSDT,69970.0,0.076,sell,2104409101
2024-03-28T00:20:48.665000+00:00,BTCUSDT,69969.6,0.242,sell,2104409102
2024-03-28T00:20:48.665000+00:00,BTCUSDT,69969.5,0.129,sell,2104409103
2024-03-28T00:20:48.665000+00:00,BTCUSDT,69969.4,0.147,sell,2104409104
2024-03-28T00:20:48.850000+00:00,BTCUSDT,69969.5,0.056,buy,2104409105
2024-03-28T00:20:48.995000+00:00,BTCUSDT,69969.5,0.221,buy,2104409106
2024-03-28T00:20:49.084000+00:00,BTCUSDT,69969.4,0.014,sell,2104409107
2024-03-28T00:20:49.102000+00:00,BTCUSDT,69969.5,0.01,buy,2104409108
2024-03-28T00:20:49.200000+00:00,BTCUSDT,69969.4,0.01,sell,2104409109
2024-03-28T00:20:49.401000+00:00,BTCUSDT,69969.5,0.017,buy,2104409110
2024-03-28T00:20:49.508000+00:00,BTCUSDT,69969.5,0.007,buy,2104409111
2024-03-28T00:20:49.632000+00:00,BTCUSDT,69969.4,0.127,sell,2104409112
2024-03-28T00:20:49.722000+00:00,BTCUSDT,69969.5,0.01,buy,2104409113
2024-03-28T00:20:49.863000+00:00,BTCUSDT,69969.4,0.564,sell,2104409114
2024-03-28T00:20:49.884000+00:00,BTCUSDT,69969.5,0.051,buy,2104409115
2024-03-28T00:20:49.896000+00:00,BTCUSDT,69969.4,0.195,sell,2104409116
2024-03-28T00:20:50.071000+00:00,BTCUSDT,69969.4,0.323,sell,2104409117
2024-03-28T00:20:50.159000+00:00,BTCUSDT,69969.5,0.002,buy,2104409118
2024-03-28T00:20:50.357000+00:00,BTCUSDT,69969.5,0.136,buy,2104409119
2024-03-28T00:20:50.409000+00:00,BTCUSDT,69969.4,0.069,sell,2104409120
2024-03-28T00:20:50.447000+00:00,BTCUSDT,69969.5,0.011,buy,2104409121
2024-03-28T00:20:50.606000+00:00,BTCUSDT,69969.5,0.009,buy,2104409122
2024-03-28T00:20:50.620000+00:00,BTCUSDT,69969.4,0.005,sell,2104409123
2024-03-28T00:20:50.641000+00:00,BTCUSDT,69969.5,0.003,buy,2104409124
2024-03-28T00:20:50.717000+00:00,BTCUSDT,69969.4,0.03,sell,2104409125
2024-03-28T00:20:50.718000+00:00,BTCUSDT,69969.5,0.403,buy,2104409126
2024-03-28T00:20:50.771000+00:00,BTCUSDT,69969.4,0.007,sell,2104409127
2024-03-28T00:20:50.780000+00:00,BTCUSDT,69969.5,0.015,buy,2104409128
2024-03-28T00:20:50.783000+00:00,BTCUSDT,69969.4,0.032,sell,2104409129
2024-03-28T00:20:51.078000+00:00,BTCUSDT,69969.5,0.069,buy,2104409130
2024-03-28T00:20:51.189000+00:00,BTCUSDT,69969.5,0.647,buy,2104409131
2024-03-28T00:20:51.253000+00:00,BTCUSDT,69970.0,0.049,buy,2104409132
2024-03-28T00:20:51.253000+00:00,BTCUSDT,69970.2,0.016,buy,2104409133
2024-03-28T00:20:51.253000+00:00,BTCUSDT,69971.6,0.003,buy,2104409134
2024-03-28T00:20:51.253000+00:00,BTCUSDT,69972.0,0.004,buy,2104409135
2024-03-28T00:20:51.253000+00:00,BTCUSDT,69973.1,0.002,buy,2104409136
2024-03-28T00:20:51.253000+00:00,BTCUSDT,69973.7,0.071,buy,2104409137
2024-03-28T00:20:51.253000+00:00,BTCUSDT,69973.9,0.005,buy,2104409138
2024-03-28T00:20:51.253000+00:00,BTCUSDT,69974.0,0.002,buy,2104409139
2024-03-28T00:20:51.253000+00:00,BTCUSDT,69974.4,0.05,buy,2104409140
2024-03-28T00:20:51.253000+00:00,BTCUSDT,69974.8,0.002,buy,2104409141
2024-03-28T00:20:51.253000+00:00,BTCUSDT,69975.2,0.125,buy,2104409142
2024-03-28T00:20:51.253000+00:00,BTCUSDT,69975.7,0.488,buy,2104409143
2024-03-28T00:20:51.255000+00:00,BTCUSDT,69976.0,0.012,buy,2104409144
2024-03-28T00:20:51.255000+00:00,BTCUSDT,69976.5,0.143,buy,2104409145
2024-03-28T00:20:51.255000+00:00,BTCUSDT,69976.7,0.391,buy,2104409146
2024-03-28T00:20:51.255000+00:00,BTCUSDT,69976.8,0.405,buy,2104409147
2024-03-28T00:20:51.255000+00:00,BTCUSDT,69977.0,0.015,buy,2104409148
2024-03-28T00:20:51.255000+00:00,BTCUSDT,69977.6,0.004,buy,2104409149
2024-03-28T00:20:51.255000+00:00,BTCUSDT,69978.0,0.014,buy,2104409150
2024-03-28T00:20:51.255000+00:00,BTCUSDT,69978.1,0.161,buy,2104409151
2024-03-28T00:20:51.274000+00:00,BTCUSDT,69978.0,0.007,sell,2104409152
2024-03-28T00:20:51.283000+00:00,BTCUSDT,69978.1,0.436,buy,2104409153
2024-03-28T00:20:51.320000+00:00,BTCUSDT,69978.0,0.015,sell,2104409154
2024-03-28T00:20:51.354000+00:00,BTCUSDT,69978.1,0.514,buy,2104409155
2024-03-28T00:20:51.355000+00:00,BTCUSDT,69979.0,0.01,buy,2104409156
2024-03-28T00:20:51.355000+00:00,BTCUSDT,69979.1,0.004,buy,2104409157
2024-03-28T00:20:51.358000+00:00,BTCUSDT,69980.0,0.038,buy,2104409158
2024-03-28T00:20:51.359000+00:00,BTCUSDT,69980.4,0.002,buy,2104409159
2024-03-28T00:20:51.365000+00:00,BTCUSDT,69981.0,0.01,buy,2104409160
2024-03-28T00:20:51.365000+00:00,BTCUSDT,69981.1,0.002,buy,2104409161
2024-03-28T00:20:51.365000+00:00,BTCUSDT,69981.5,0.026,buy,2104409162
2024-03-28T00:20:51.365000+00:00,BTCUSDT,69982.0,0.012,buy,2104409163
2024-03-28T00:20:51.365000+00:00,BTCUSDT,69982.1,0.048,buy,2104409164
2024-03-28T00:20:51.365000+00:00,BTCUSDT,69982.5,0.004,buy,2104409165
2024-03-28T00:20:51.380000+00:00,BTCUSDT,69983.0,0.01,buy,2104409166
2024-03-28T00:20:51.380000+00:00,BTCUSDT,69984.0,0.011,buy,2104409167
2024-03-28T00:20:51.404000+00:00,BTCUSDT,69983.9,0.28,sell,2104409168
2024-03-28T00:20:51.528000+00:00,BTCUSDT,69983.9,0.024,sell,2104409169
2024-03-28T00:20:51.589000+00:00,BTCUSDT,69984.0,0.016,buy,2104409170
2024-03-28T00:20:51.697000+00:00,BTCUSDT,69983.9,0.193,sell,2104409171
2024-03-28T00:20:51.728000+00:00,BTCUSDT,69984.0,0.028,buy,2104409172
2024-03-28T00:20:51.748000+00:00,BTCUSDT,69983.9,0.639,sell,2104409173
2024-03-28T00:20:51.867000+00:00,BTCUSDT,69984.0,0.015,buy,2104409174
2024-03-28T00:20:51.878000+00:00,BTCUSDT,69983.9,0.018,sell,2104409175
2024-03-28T00:20:51.999000+00:00,BTCUSDT,69983.9,0.209,sell,2104409176
2024-03-28T00:20:52.052000+00:00,BTCUSDT,69984.0,0.002,buy,2104409177
2024-03-28T00:20:52.131000+00:00,BTCUSDT,69983.9,0.072,sell,2104409178
2024-03-28T00:20:52.152000+00:00,BTCUSDT,69984.0,0.026,buy,2104409179
2024-03-28T00:20:52.269000+00:00,BTCUSDT,69984.0,0.034,buy,2104409180
2024-03-28T00:20:52.274000+00:00,BTCUSDT,69983.9,0.025,sell,2104409181
2024-03-28T00:20:52.294000+00:00,BTCUSDT,69984.0,0.007,buy,2104409182
2024-03-28T00:20:52.307000+00:00,BTCUSDT,69983.9,0.01,sell,2104409183
2024-03-28T00:20:52.336000+00:00,BTCUSDT,69984.0,0.007,buy,2104409184
2024-03-28T00:20:52.622000+00:00,BTCUSDT,69983.9,0.017,sell,2104409185
2024-03-28T00:20:52.792000+00:00,BTCUSDT,69984.0,0.456,buy,2104409186
2024-03-28T00:20:52.959000+00:00,BTCUSDT,69983.9,0.075,sell,2104409187
2024-03-28T00:20:53.038000+00:00,BTCUSDT,69984.0,0.098,buy,2104409188
2024-03-28T00:20:53.045000+00:00,BTCUSDT,69983.9,0.122,sell,2104409189
2024-03-28T00:20:53.114000+00:00,BTCUSDT,69984.0,0.073,buy,2104409190
2024-03-28T00:20:53.129000+00:00,BTCUSDT,69983.9,0.123,sell,2104409191
2024-03-28T00:20:53.244000+00:00,BTCUSDT,69984.0,0.959,buy,2104409192
2024-03-28T00:20:53.463000+00:00,BTCUSDT,69983.9,0.07,sell,2104409193
2024-03-28T00:20:53.568000+00:00,BTCUSDT,69984.0,0.002,buy,2104409194
2024-03-28T00:20:53.605000+00:00,BTCUSDT,69983.9,0.003,sell,2104409195
2024-03-28T00:20:53.677000+00:00,BTCUSDT,69984.0,0.025,buy,2104409196
2024-03-28T00:20:53.858000+00:00,BTCUSDT,69984.0,0.02,buy,2104409197
2024-03-28T00:20:53.940000+00:00,BTCUSDT,69983.9,0.384,sell,2104409198
2024-03-28T00:20:54.205000+00:00,BTCUSDT,69983.9,0.184,sell,2104409199
2024-03-28T00:20:54.385000+00:00,BTCUSDT,69983.9,0.002,sell,2104409200
2024-03-28T00:20:54.532000+00:00,BTCUSDT,69984.0,0.096,buy,2104409201
2024-03-28T00:20:54.574000+00:00,BTCUSDT,69983.9,0.03,sell,2104409202
2024-03-28T00:20:54.682000+00:00,BTCUSDT,69984.0,0.039,buy,2104409203
2024-03-28T00:20:54.812000+00:00,BTCUSDT,69983.9,0.033,sell,2104409204
2024-03-28T00:20:54.836000+00:00,BTCUSDT,69984.0,0.014,buy,2104409205
2024-03-28T00:20:54.977000+00:00,BTCUSDT,69983.9,0.014,sell,2104409206
2024-03-28T00:20:55.072000+00:00,BTCUSDT,69984.0,0.202,buy,2104409207
2024-03-28T00:20:55.118000+00:00,BTCUSDT,69983.9,0.293,sell,2104409208
2024-03-28T00:20:55.171000+00:00,BTCUSDT,69984.0,0.048,buy,2104409209
2024-03-28T00:20:55.208000+00:00,BTCUSDT,69983.9,0.004,sell,2104409210
2024-03-28T00:20:55.244000+00:00,BTCUSDT,69984.0,1.716,buy,2104409211
2024-03-28T00:20:55.291000+00:00,BTCUSDT,69983.9,0.069,sell,2104409212
2024-03-28T00:20:55.309000+00:00,BTCUSDT,69984.0,0.05,buy,2104409213
2024-03-28T00:20:55.323000+00:00,BTCUSDT,69983.9,0.005,sell,2104409214
2024-03-28T00:20:55.341000+00:00,BTCUSDT,69984.0,0.006,buy,2104409215
2024-03-28T00:20:55.426000+00:00,BTCUSDT,69983.9,5.246,sell,2104409216
2024-03-28T00:20:55.445000+00:00,BTCUSDT,69983.8,0.016,sell,2104409217
2024-03-28T00:20:55.466000+00:00,BTCUSDT,69983.9,0.118,buy,2104409218
2024-03-28T00:20:55.553000+00:00,BTCUSDT,69983.8,0.1,sell,2104409219
2024-03-28T00:20:55.612000+00:00,BTCUSDT,69983.9,0.108,buy,2104409220
2024-03-28T00:20:55.653000+00:00,BTCUSDT,69983.8,0.035,sell,2104409221
2024-03-28T00:20:55.692000+00:00,BTCUSDT,69983.9,0.527,buy,2104409222
2024-03-28T00:20:55.776000+00:00,BTCUSDT,69983.8,0.002,sell,2104409223
2024-03-28T00:20:55.808000+00:00,BTCUSDT,69983.9,0.005,buy,2104409224
2024-03-28T00:20:55.836000+00:00,BTCUSDT,69983.8,0.332,sell,2104409225
2024-03-28T00:20:55.869000+00:00,BTCUSDT,69983.9,0.015,buy,2104409226
2024-03-28T00:20:56.023000+00:00,BTCUSDT,69983.9,0.01,buy,2104409227
2024-03-28T00:20:56.024000+00:00,BTCUSDT,69983.8,0.067,sell,2104409228
2024-03-28T00:20:56.082000+00:00,BTCUSDT,69983.9,0.009,buy,2104409229
2024-03-28T00:20:56.097000+00:00,BTCUSDT,69983.8,0.325,sell,2104409230
2024-03-28T00:20:56.242000+00:00,BTCUSDT,69983.9,1.105,buy,2104409231
2024-03-28T00:20:56.242000+00:00,BTCUSDT,69984.0,0.139,buy,2104409232
2024-03-28T00:20:56.356000+00:00,BTCUSDT,69983.9,0.024,sell,2104409233
2024-03-28T00:20:56.419000+00:00,BTCUSDT,69984.0,0.1,buy,2104409234
2024-03-28T00:20:56.442000+00:00,BTCUSDT,69983.9,0.002,sell,2104409235
2024-03-28T00:20:56.467000+00:00,BTCUSDT,69984.0,0.088,buy,2104409236
2024-03-28T00:20:56.492000+00:00,BTCUSDT,69983.9,0.057,sell,2104409237
2024-03-28T00:20:56.494000+00:00,BTCUSDT,69984.0,0.243,buy,2104409238
2024-03-28T00:20:56.504000+00:00,BTCUSDT,69983.9,0.052,sell,2104409239
2024-03-28T00:20:56.564000+00:00,BTCUSDT,69984.0,0.188,buy,2104409240
2024-03-28T00:20:56.593000+00:00,BTCUSDT,69984.9,0.027,buy,2104409241
2024-03-28T00:20:56.593000+00:00,BTCUSDT,69985.0,0.034,buy,2104409242
2024-03-28T00:20:56.604000+00:00,BTCUSDT,69985.9,0.028,buy,2104409243
2024-03-28T00:20:56.604000+00:00,BTCUSDT,69986.0,0.002,buy,2104409244
2024-03-28T00:20:56.604000+00:00,BTCUSDT,69986.2,0.002,buy,2104409245
2024-03-28T00:20:56.604000+00:00,BTCUSDT,69987.0,0.01,buy,2104409246
2024-03-28T00:20:56.614000+00:00,BTCUSDT,69988.0,0.01,buy,2104409247
2024-03-28T00:20:56.663000+00:00,BTCUSDT,69987.9,0.005,sell,2104409248
2024-03-28T00:20:56.696000+00:00,BTCUSDT,69988.0,0.275,buy,2104409249
2024-03-28T00:20:56.737000+00:00,BTCUSDT,69988.5,0.004,buy,2104409250
2024-03-28T00:20:56.737000+00:00,BTCUSDT,69988.7,0.007,buy,2104409251
2024-03-28T00:20:56.737000+00:00,BTCUSDT,69988.9,0.434,buy,2104409252
2024-03-28T00:20:56.737000+00:00,BTCUSDT,69989.0,0.071,buy,2104409253
2024-03-28T00:20:56.737000+00:00,BTCUSDT,69989.2,0.008,buy,2104409254
2024-03-28T00:20:56.737000+00:00,BTCUSDT,69989.9,0.002,buy,2104409255
2024-03-28T00:20:56.740000+00:00,BTCUSDT,69990.0,1.142,buy,2104409256
2024-03-28T00:20:56.749000+00:00,BTCUSDT,69990.9,0.002,buy,2104409257
2024-03-28T00:20:56.749000+00:00,BTCUSDT,69991.0,0.005,buy,2104409258
2024-03-28T00:20:56.758000+00:00,BTCUSDT,69991.3,0.039,buy,2104409259
2024-03-28T00:20:56.759000+00:00,BTCUSDT,69992.0,0.028,buy,2104409260
2024-03-28T00:20:56.759000+00:00,BTCUSDT,69992.3,0.005,buy,2104409261
2024-03-28T00:20:56.759000+00:00,BTCUSDT,69992.4,0.135,buy,2104409262
2024-03-28T00:20:56.759000+00:00,BTCUSDT,69992.5,0.373,buy,2104409263
2024-03-28T00:20:56.798000+00:00,BTCUSDT,69992.8,0.002,buy,2104409264
2024-03-28T00:20:56.798000+00:00,BTCUSDT,69993.0,0.004,buy,2104409265
2024-03-28T00:20:56.798000+00:00,BTCUSDT,69993.1,0.053,buy,2104409266
2024-03-28T00:20:56.798000+00:00,BTCUSDT,69994.0,0.016,buy,2104409267
2024-03-28T00:20:56.808000+00:00,BTCUSDT,69994.1,0.004,buy,2104409268
2024-03-28T00:20:56.808000+00:00,BTCUSDT,69995.1,0.004,buy,2104409269
2024-03-28T00:20:56.808000+00:00,BTCUSDT,69995.2,0.004,buy,2104409270
2024-03-28T00:20:56.883000+00:00,BTCUSDT,69995.2,0.14,sell,2104409271
2024-03-28T00:20:56.887000+00:00,BTCUSDT,69995.3,0.021,buy,2104409272
2024-03-28T00:20:57.011000+00:00,BTCUSDT,69995.3,0.06,buy,2104409273
2024-03-28T00:20:57.055000+00:00,BTCUSDT,69995.4,0.013,buy,2104409274
2024-03-28T00:20:57.075000+00:00,BTCUSDT,69995.3,0.2,sell,2104409275
2024-03-28T00:20:57.089000+00:00,BTCUSDT,69995.4,0.12,buy,2104409276
2024-03-28T00:20:57.192000+00:00,BTCUSDT,69996.1,0.002,buy,2104409277
2024-03-28T00:20:57.192000+00:00,BTCUSDT,69997.0,0.01,buy,2104409278
2024-03-28T00:20:57.192000+00:00,BTCUSDT,69997.4,0.002,buy,2104409279
2024-03-28T00:20:57.210000+00:00,BTCUSDT,69997.4,0.486,sell,2104409280
2024-03-28T00:20:57.438000+00:00,BTCUSDT,69997.5,0.035,buy,2104409281
2024-03-28T00:20:57.498000+00:00,BTCUSDT,69997.4,0.134,sell,2104409282
2024-03-28T00:20:57.630000+00:00,BTCUSDT,69997.5,0.152,buy,2104409283
2024-03-28T00:20:57.630000+00:00,BTCUSDT,69997.6,0.036,buy,2104409284
2024-03-28T00:20:57.630000+00:00,BTCUSDT,69997.8,0.034,buy,2104409285
2024-03-28T00:20:57.630000+00:00,BTCUSDT,69998.0,0.002,buy,2104409286
2024-03-28T00:20:57.630000+00:00,BTCUSDT,69998.8,0.002,buy,2104409287
2024-03-28T00:20:57.630000+00:00,BTCUSDT,69999.0,0.021,buy,2104409288
2024-03-28T00:20:57.630000+00:00,BTCUSDT,69999.4,0.033,buy,2104409289
2024-03-28T00:20:57.630000+00:00,BTCUSDT,69999.6,0.006,buy,2104409290
2024-03-28T00:20:57.630000+00:00,BTCUSDT,69999.7,0.03,buy,2104409291
2024-03-28T00:20:57.630000+00:00,BTCUSDT,69999.8,0.04,buy,2104409292
2024-03-28T00:20:57.630000+00:00,BTCUSDT,69999.9,0.66,buy,2104409293
2024-03-28T00:20:57.656000+00:00,BTCUSDT,70000.0,0.01,buy,2104409294
2024-03-28T00:20:57.674000+00:00,BTCUSDT,69999.9,0.008,sell,2104409295
2024-03-28T00:20:57.829000+00:00,BTCUSDT,69999.9,0.005,sell,2104409296
2024-03-28T00:20:57.848000+00:00,BTCUSDT,70000.0,0.052,buy,2104409297
2024-03-28T00:20:58.015000+00:00,BTCUSDT,70000.0,0.018,buy,2104409298
2024-03-28T00:20:58.133000+00:00,BTCUSDT,69999.9,0.506,sell,2104409299
2024-03-28T00:20:58.136000+00:00,BTCUSDT,70000.0,0.073,buy,2104409300
2024-03-28T00:20:58.172000+00:00,BTCUSDT,69999.9,0.005,sell,2104409301
2024-03-28T00:20:58.174000+00:00,BTCUSDT,70000.0,0.003,buy,2104409302
2024-03-28T00:20:58.184000+00:00,BTCUSDT,69999.9,0.05,sell,2104409303
2024-03-28T00:20:58.195000+00:00,BTCUSDT,70000.0,0.038,buy,2104409304
2024-03-28T00:20:58.414000+00:00,BTCUSDT,70000.0,0.023,buy,2104409305
2024-03-28T00:20:58.467000+00:00,BTCUSDT,69999.9,0.128,sell,2104409306
2024-03-28T00:20:58.528000+00:00,BTCUSDT,70000.0,1.278,buy,2104409307
2024-03-28T00:20:58.606000+00:00,BTCUSDT,69999.9,0.006,sell,2104409308
2024-03-28T00:20:58.608000+00:00,BTCUSDT,70000.0,0.035,buy,2104409309
2024-03-28T00:20:58.668000+00:00,BTCUSDT,69999.9,0.041,sell,2104409310
2024-03-28T00:20:58.672000+00:00,BTCUSDT,70000.0,0.002,buy,2104409311
2024-03-28T00:20:58.714000+00:00,BTCUSDT,69999.9,0.129,sell,2104409312
2024-03-28T00:20:58.860000+00:00,BTCUSDT,70000.0,0.004,buy,2104409313
2024-03-28T00:20:58.979000+00:00,BTCUSDT,69999.9,2.5,sell,2104409314
2024-03-28T00:20:58.979000+00:00,BTCUSDT,69999.8,1.859,sell,2104409315
2024-03-28T00:20:58.979000+00:00,BTCUSDT,69999.5,0.003,sell,2104409316
2024-03-28T00:20:58.979000+00:00,BTCUSDT,69999.4,0.002,sell,2104409317
2024-03-28T00:20:58.979000+00:00,BTCUSDT,69998.8,0.029,sell,2104409318
2024-03-28T00:20:58.979000+00:00,BTCUSDT,69998.0,0.002,sell,2104409319
2024-03-28T00:20:58.979000+00:00,BTCUSDT,69997.4,0.051,sell,2104409320
2024-03-28T00:20:58.979000+00:00,BTCUSDT,69997.2,0.029,sell,2104409321
2024-03-28T00:20:58.979000+00:00,BTCUSDT,69997.1,0.003,sell,2104409322
2024-03-28T00:20:58.979000+00:00,BTCUSDT,69997.0,0.124,sell,2104409323
2024-03-28T00:20:58.979000+00:00,BTCUSDT,69996.9,0.45,sell,2104409324
2024-03-28T00:20:58.979000+00:00,BTCUSDT,69996.6,0.057,sell,2104409325
2024-03-28T00:20:58.979000+00:00,BTCUSDT,69996.4,0.221,sell,2104409326
2024-03-28T00:20:58.979000+00:00,BTCUSDT,69996.3,0.003,sell,2104409327
2024-03-28T00:20:58.979000+00:00,BTCUSDT,69996.1,0.077,sell,2104409328
2024-03-28T00:20:58.980000+00:00,BTCUSDT,69996.0,0.552,sell,2104409329
2024-03-28T00:20:58.980000+00:00,BTCUSDT,69995.9,0.15,sell,2104409330
2024-03-28T00:20:58.980000+00:00,BTCUSDT,69995.6,0.029,sell,2104409331
2024-03-28T00:20:58.980000+00:00,BTCUSDT,69995.5,0.003,sell,2104409332
2024-03-28T00:20:58.980000+00:00,BTCUSDT,69995.3,0.25,sell,2104409333
2024-03-28T00:20:58.980000+00:00,BTCUSDT,69995.2,0.146,sell,2104409334
2024-03-28T00:20:58.980000+00:00,BTCUSDT,69995.0,0.061,sell,2104409335
2024-03-28T00:20:58.980000+00:00,BTCUSDT,69994.7,0.279,sell,2104409336
2024-03-28T00:20:58.980000+00:00,BTCUSDT,69994.6,0.1,sell,2104409337
2024-03-28T00:20:58.980000+00:00,BTCUSDT,69994.4,0.037,sell,2104409338
2024-03-28T00:20:58.980000+00:00,BTCUSDT,69994.0,0.205,sell,2104409339
2024-03-28T00:20:58.980000+00:00,BTCUSDT,69993.9,0.155,sell,2104409340
2024-03-28T00:20:58.980000+00:00,BTCUSDT,69993.6,0.002,sell,2104409341
2024-03-28T00:20:58.980000+00:00,BTCUSDT,69993.4,0.057,sell,2104409342
2024-03-28T00:20:58.980000+00:00,BTCUSDT,69993.3,0.002,sell,2104409343
2024-03-28T00:20:58.980000+00:00,BTCUSDT,69993.1,0.079,sell,2104409344
2024-03-28T00:20:58.980000+00:00,BTCUSDT,69993.0,0.734,sell,2104409345
2024-03-28T00:20:58.980000+00:00,BTCUSDT,69992.9,1.821,sell,2104409346
2024-03-28T00:20:59.025000+00:00,BTCUSDT,69992.7,0.002,sell,2104409347
2024-03-28T00:20:59.025000+00:00,BTCUSDT,69992.5,0.428,sell,2104409348
2024-03-28T00:20:59.025000+00:00,BTCUSDT,69992.0,0.005,sell,2104409349
2024-03-28T00:20:59.025000+00:00,BTCUSDT,69991.4,0.002,sell,2104409350
2024-03-28T00:20:59.025000+00:00,BTCUSDT,69991.2,0.034,sell,2104409351
2024-03-28T00:20:59.025000+00:00,BTCUSDT,69990.0,0.002,sell,2104409352
2024-03-28T00:20:59.026000+00:00,BTCUSDT,69989.7,0.366,sell,2104409353
2024-03-28T00:20:59.026000+00:00,BTCUSDT,69989.6,0.002,sell,2104409354
2024-03-28T00:20:59.026000+00:00,BTCUSDT,69989.5,0.633,sell,2104409355
2024-03-28T00:20:59.034000+00:00,BTCUSDT,69988.7,0.077,sell,2104409356
2024-03-28T00:20:59.034000+00:00,BTCUSDT,69988.0,0.002,sell,2104409357
2024-03-28T00:20:59.034000+00:00,BTCUSDT,69987.7,0.002,sell,2104409358
2024-03-28T00:20:59.037000+00:00,BTCUSDT,69987.2,0.3,sell,2104409359
2024-03-28T00:20:59.046000+00:00,BTCUSDT,69987.3,0.072,buy,2104409360
2024-03-28T00:20:59.205000+00:00,BTCUSDT,69987.3,0.01,buy,2104409361
2024-03-28T00:20:59.221000+00:00,BTCUSDT,69987.2,0.002,sell,2104409362
2024-03-28T00:20:59.265000+00:00,BTCUSDT,69987.3,0.371,buy,2104409363
2024-03-28T00:20:59.375000+00:00,BTCUSDT,69987.3,0.076,buy,2104409364
2024-03-28T00:20:59.528000+00:00,BTCUSDT,69987.3,0.028,buy,2104409365
2024-03-28T00:20:59.639000+00:00,BTCUSDT,69987.3,0.283,buy,2104409366
2024-03-28T00:20:59.801000+00:00,BTCUSDT,69987.2,0.004,sell,2104409367
2024-03-28T00:20:59.801000+00:00,BTCUSDT,69987.1,0.002,sell,2104409368
2024-03-28T00:20:59.801000+00:00,BTCUSDT,69986.0,0.005,sell,2104409369
2024-03-28T00:20:59.827000+00:00,BTCUSDT,69986.0,0.009,buy,2104409370
2024-03-28T00:20:59.867000+00:00,BTCUSDT,69985.6,0.002,sell,2104409371
2024-03-28T00:20:59.867000+00:00,BTCUSDT,69985.2,0.002,sell,2104409372
2024-03-28T00:20:59.889000+00:00,BTCUSDT,69984.0,0.643,sell,2104409373
2024-03-28T00:21:00.026000+00:00,BTCUSDT,69984.1,0.015,buy,2104409374
2024-03-28T00:21:00.039000+00:00,BTCUSDT,69984.0,0.007,sell,2104409375
2024-03-28T00:21:00.079000+00:00,BTCUSDT,69984.1,4.717,buy,2104409376
2024-03-28T00:21:00.205000+00:00,BTCUSDT,69984.1,0.145,buy,2104409377
2024-03-28T00:21:00.313000+00:00,BTCUSDT,69984.0,0.119,sell,2104409378
2024-03-28T00:21:00.314000+00:00,BTCUSDT,69983.9,0.025,sell,2104409379
2024-03-28T00:21:00.314000+00:00,BTCUSDT,69983.7,0.065,sell,2104409380
2024-03-28T00:21:00.371000+00:00,BTCUSDT,69983.5,0.046,sell,2104409381
2024-03-28T00:21:00.373000+00:00,BTCUSDT,69982.5,0.004,sell,2104409382
2024-03-28T00:21:00.373000+00:00,BTCUSDT,69982.4,0.086,sell,2104409383
2024-03-28T00:21:00.374000+00:00,BTCUSDT,69982.0,0.002,sell,2104409384
2024-03-28T00:21:00.404000+00:00,BTCUSDT,69981.3,0.002,sell,2104409385
2024-03-28T00:21:00.404000+00:00,BTCUSDT,69980.4,0.002,sell,2104409386
2024-03-28T00:21:00.404000+00:00,BTCUSDT,69980.2,0.003,sell,2104409387
2024-03-28T00:21:00.542000+00:00,BTCUSDT,69980.3,0.542,buy,2104409388
2024-03-28T00:21:00.553000+00:00,BTCUSDT,69980.2,1.116,sell,2104409389
2024-03-28T00:21:00.669000+00:00,BTCUSDT,69980.2,0.022,sell,2104409390
2024-03-28T00:21:00.837000+00:00,BTCUSDT,69980.3,0.273,buy,2104409391
2024-03-28T00:21:00.887000+00:00,BTCUSDT,69980.2,0.4,sell,2104409392
2024-03-28T00:21:00.896000+00:00,BTCUSDT,69980.3,0.004,buy,2104409393
2024-03-28T00:21:00.916000+00:00,BTCUSDT,69980.2,1.216,sell,2104409394
2024-03-28T00:21:00.917000+00:00,BTCUSDT,69978.3,0.002,sell,2104409395
2024-03-28T00:21:00.917000+00:00,BTCUSDT,69978.2,0.002,sell,2104409396
2024-03-28T00:21:00.917000+00:00,BTCUSDT,69978.0,0.006,sell,2104409397
2024-03-28T00:21:00.919000+00:00,BTCUSDT,69977.1,0.202,sell,2104409398
2024-03-28T00:21:00.919000+00:00,BTCUSDT,69977.0,0.115,sell,2104409399
2024-03-28T00:21:00.920000+00:00,BTCUSDT,69976.9,0.002,sell,2104409400
2024-03-28T00:21:00.920000+00:00,BTCUSDT,69976.7,0.207,sell,2104409401
2024-03-28T00:21:01.007000+00:00,BTCUSDT,69976.1,0.21,sell,2104409402
2024-03-28T00:21:01.122000+00:00,BTCUSDT,69976.2,0.004,buy,2104409403
2024-03-28T00:21:01.124000+00:00,BTCUSDT,69976.1,0.012,sell,2104409404
2024-03-28T00:21:01.191000+00:00,BTCUSDT,69976.2,0.024,buy,2104409405
2024-03-28T00:21:01.270000+00:00,BTCUSDT,69976.1,0.026,sell,2104409406
2024-03-28T00:21:01.337000+00:00,BTCUSDT,69976.2,0.028,buy,2104409407
2024-03-28T00:21:01.396000+00:00,BTCUSDT,69976.1,0.008,sell,2104409408
2024-03-28T00:21:01.461000+00:00,BTCUSDT,69976.2,0.027,buy,2104409409
2024-03-28T00:21:01.696000+00:00,BTCUSDT,69976.1,0.013,sell,2104409410
2024-03-28T00:21:01.802000+00:00,BTCUSDT,69976.1,0.249,sell,2104409411
2024-03-28T00:21:01.831000+00:00,BTCUSDT,69975.9,0.002,sell,2104409412
2024-03-28T00:21:01.831000+00:00,BTCUSDT,69975.4,0.002,sell,2104409413
2024-03-28T00:21:01.831000+00:00,BTCUSDT,69975.0,0.002,sell,2104409414
2024-03-28T00:21:01.831000+00:00,BTCUSDT,69974.8,0.158,sell,2104409415
2024-03-28T00:21:01.838000+00:00,BTCUSDT,69974.4,0.029,sell,2104409416
2024-03-28T00:21:01.839000+00:00,BTCUSDT,69974.3,0.276,sell,2104409417
2024-03-28T00:21:01.869000+00:00,BTCUSDT,69974.4,0.026,buy,2104409418
2024-03-28T00:21:01.875000+00:00,BTCUSDT,69974.3,0.302,sell,2104409419
2024-03-28T00:21:01.876000+00:00,BTCUSDT,69974.2,0.002,sell,2104409420
2024-03-28T00:21:01.876000+00:00,BTCUSDT,69974.1,0.008,sell,2104409421
2024-03-28T00:21:01.905000+00:00,BTCUSDT,69972.3,0.002,sell,2104409422
2024-03-28T00:21:01.905000+00:00,BTCUSDT,69972.0,0.002,sell,2104409423
2024-03-28T00:21:01.905000+00:00,BTCUSDT,69971.9,0.047,sell,2104409424
2024-03-28T00:21:01.905000+00:00,BTCUSDT,69971.8,0.002,sell,2104409425
2024-03-28T00:21:01.905000+00:00,BTCUSDT,69971.2,0.277,sell,2104409426
2024-03-28T00:21:01.997000+00:00,BTCUSDT,69971.3,0.138,buy,2104409427
2024-03-28T00:21:02.040000+00:00,BTCUSDT,69971.2,0.498,sell,2104409428
2024-03-28T00:21:02.156000+00:00,BTCUSDT,69971.3,0.136,buy,2104409429
2024-03-28T00:21:02.333000+00:00,BTCUSDT,69971.3,0.002,buy,2104409430
2024-03-28T00:21:02.335000+00:00,BTCUSDT,69971.2,0.079,sell,2104409431
2024-03-28T00:21:02.474000+00:00,BTCUSDT,69971.2,0.028,sell,2104409432
2024-03-28T00:21:02.577000+00:00,BTCUSDT,69971.2,0.104,sell,2104409433
2024-03-28T00:21:02.662000+00:00,BTCUSDT,69971.3,0.002,buy,2104409434
2024-03-28T00:21:02.673000+00:00,BTCUSDT,69971.2,0.02,sell,2104409435
2024-03-28T00:21:02.800000+00:00,BTCUSDT,69971.2,0.021,sell,2104409436
2024-03-28T00:21:02.847000+00:00,BTCUSDT,69971.3,1.543,buy,2104409437
2024-03-28T00:21:02.847000+00:00,BTCUSDT,69972.0,0.009,buy,2104409438
2024-03-28T00:21:02.847000+00:00,BTCUSDT,69972.3,0.045,buy,2104409439
2024-03-28T00:21:02.847000+00:00,BTCUSDT,69972.4,2.594,buy,2104409440
2024-03-28T00:21:02.850000+00:00,BTCUSDT,69972.5,0.004,buy,2104409441
2024-03-28T00:21:02.850000+00:00,BTCUSDT,69974.0,0.002,buy,2104409442
2024-03-28T00:21:02.853000+00:00,BTCUSDT,69974.7,0.047,buy,2104409443
2024-03-28T00:21:02.853000+00:00,BTCUSDT,69975.1,0.002,buy,2104409444
2024-03-28T00:21:02.853000+00:00,BTCUSDT,69975.3,0.215,buy,2104409445
2024-03-28T00:21:02.853000+00:00,BTCUSDT,69975.5,0.004,buy,2104409446
2024-03-28T00:21:02.853000+00:00,BTCUSDT,69975.7,0.005,buy,2104409447
2024-03-28T00:21:02.853000+00:00,BTCUSDT,69976.0,0.002,buy,2104409448
2024-03-28T00:21:02.866000+00:00,BTCUSDT,69976.2,0.082,buy,2104409449
2024-03-28T00:21:02.995000+00:00,BTCUSDT,69976.2,0.003,buy,2104409450
2024-03-28T00:21:03.014000+00:00,BTCUSDT,69976.1,0.023,sell,2104409451
2024-03-28T00:21:03.039000+00:00,BTCUSDT,69976.2,0.132,buy,2104409452
2024-03-28T00:21:03.191000+00:00,BTCUSDT,69976.1,0.8,sell,2104409453
2024-03-28T00:21:03.306000+00:00,BTCUSDT,69976.2,0.007,buy,2104409454
2024-03-28T00:21:03.422000+00:00,BTCUSDT,69976.1,0.018,sell,2104409455
2024-03-28T00:21:03.503000+00:00,BTCUSDT,69976.2,0.01,buy,2104409456
2024-03-28T00:21:03.553000+00:00,BTCUSDT,69976.1,0.007,sell,2104409457
2024-03-28T00:21:03.631000+00:00,BTCUSDT,69976.2,0.007,buy,2104409458
2024-03-28T00:21:03.686000+00:00,BTCUSDT,69976.1,0.166,sell,2104409459
2024-03-28T00:21:03.747000+00:00,BTCUSDT,69975.2,0.09,sell,2104409460
2024-03-28T00:21:03.863000+00:00,BTCUSDT,69975.3,0.013,buy,2104409461
2024-03-28T00:21:03.990000+00:00,BTCUSDT,69975.2,0.003,sell,2104409462
2024-03-28T00:21:04.158000+00:00,BTCUSDT,69975.3,0.005,buy,2104409463
2024-03-28T00:21:04.279000+00:00,BTCUSDT,69975.2,0.188,sell,2104409464
2024-03-28T00:21:04.383000+00:00,BTCUSDT,69974.0,0.002,sell,2104409465
2024-03-28T00:21:04.383000+00:00,BTCUSDT,69973.8,0.002,sell,2104409466
2024-03-28T00:21:04.387000+00:00,BTCUSDT,69972.4,0.315,buy,2104409467
2024-03-28T00:21:04.503000+00:00,BTCUSDT,69972.4,0.016,buy,2104409468
2024-03-28T00:21:04.572000+00:00,BTCUSDT,69972.3,0.002,sell,2104409469
2024-03-28T00:21:04.589000+00:00,BTCUSDT,69972.4,0.01,buy,2104409470
2024-03-28T00:21:04.605000+00:00,BTCUSDT,69972.3,0.071,sell,2104409471
2024-03-28T00:21:04.725000+00:00,BTCUSDT,69972.4,0.544,buy,2104409472
2024-03-28T00:21:05.044000+00:00,BTCUSDT,69972.3,0.123,sell,2104409473
2024-03-28T00:21:05.149000+00:00,BTCUSDT,69972.4,0.038,buy,2104409474
2024-03-28T00:21:05.171000+00:00,BTCUSDT,69972.3,0.2,sell,2104409475
2024-03-28T00:21:05.231000+00:00,BTCUSDT,69972.4,0.125,buy,2104409476
2024-03-28T00:21:05.272000+00:00,BTCUSDT,69972.3,0.004,sell,2104409477
2024-03-28T00:21:05.273000+00:00,BTCUSDT,69972.4,0.007,buy,2104409478
2024-03-28T00:21:05.490000+00:00,BTCUSDT,69972.4,0.03,buy,2104409479
2024-03-28T00:21:05.596000+00:00,BTCUSDT,69972.3,0.024,sell,2104409480
2024-03-28T00:21:05.611000+00:00,BTCUSDT,69972.4,0.086,buy,2104409481
2024-03-28T00:21:05.679000+00:00,BTCUSDT,69972.3,0.465,sell,2104409482
2024-03-28T00:21:05.846000+00:00,BTCUSDT,69972.4,0.001,buy,2104409483
2024-03-28T00:21:05.942000+00:00,BTCUSDT,69972.3,0.329,sell,2104409484
2024-03-28T00:21:06.060000+00:00,BTCUSDT,69972.4,0.006,buy,2104409485
2024-03-28T00:21:06.065000+00:00,BTCUSDT,69972.3,0.026,sell,2104409486
2024-03-28T00:21:06.101000+00:00,BTCUSDT,69972.4,0.003,buy,2104409487
